timestamp_utc,timestamp_et,sequence_type,seconds_elapsed,yes_best_bid,yes_best_ask,yes_spread,yes_bid_liq,yes_ask_liq,no_best_bid,no_best_ask,no_spread,no_bid_liq,no_ask_liq,last_trade_price,last_trade_side,candle_outcome
2026-03-30 14:55:02,2026-03-30 10:55:02,RR,2,0.001,0.999,0.998,111.1,8747.55,0.001,0.999,0.998,8.66,15868.54,0.999,BUY,PENDING
2026-03-30 14:55:04,2026-03-30 10:55:04,RR,4,0.001,0.999,0.998,111.1,8517.54,0.001,0.999,0.998,8.53,15868.54,0.999,BUY,PENDING
2026-03-30 14:55:05,2026-03-30 10:55:05,RR,5,0.001,0.999,0.998,111.1,8417.64,0.001,0.999,0.998,8.43,15868.54,0.999,BUY,PENDING
2026-03-30 14:55:07,2026-03-30 10:55:07,RR,7,0.001,0.999,0.998,111.1,8317.74,0.001,0.999,0.998,8.33,15868.54,0.999,BUY,PENDING
2026-03-30 14:55:08,2026-03-30 10:55:08,RR,8,0.001,0.999,0.998,111.1,8456.88,0.001,0.999,0.998,8.23,15868.54,0.996,BUY,PENDING
2026-03-30 14:55:10,2026-03-30 10:55:10,RR,10,0.001,0.999,0.998,111.1,10964.34,0.001,0.999,0.998,15.83,15868.54,0.997,BUY,PENDING
2026-03-30 14:55:11,2026-03-30 10:55:11,RR,11,0.001,0.999,0.998,111.15,10970.54,0.001,0.999,0.998,15.53,15868.54,0.997,BUY,PENDING
2026-03-30 14:55:13,2026-03-30 10:55:13,RR,13,0.001,0.999,0.998,111.1,10739.24,0.001,0.999,0.998,14.83,15868.54,0.997,BUY,PENDING
2026-03-30 14:55:14,2026-03-30 10:55:14,RR,14,0.001,0.999,0.998,111.1,11074.64,0.001,0.999,0.998,11.43,15868.54,0.992,SELL,PENDING
2026-03-30 14:55:16,2026-03-30 10:55:16,RR,16,0.001,0.999,0.998,111.15,10974.84,0.001,0.999,0.998,13.23,15868.54,0.998,BUY,PENDING
2026-03-30 14:55:17,2026-03-30 10:55:17,RR,17,0.001,0.999,0.998,111.1,10977.31,0.001,0.999,0.998,13.76,15868.54,0.998,BUY,PENDING
2026-03-30 14:55:19,2026-03-30 10:55:19,RR,19,0.001,0.999,0.998,111.1,11015.52,0.001,0.999,0.998,11.29,15868.54,0.998,BUY,PENDING
2026-03-30 14:55:21,2026-03-30 10:55:21,RR,21,0.001,0.999,0.998,111.1,11914.72,0.001,0.999,0.998,11.89,15868.54,0.998,BUY,PENDING
2026-03-30 14:55:22,2026-03-30 10:55:22,RR,22,0.001,0.999,0.998,111.1,12073.98,0.001,0.999,0.998,12.09,15868.54,0.998,BUY,PENDING
2026-03-30 14:55:24,2026-03-30 10:55:24,RR,24,0.001,0.999,0.998,111.1,11974.08,0.001,0.999,0.998,11.99,15868.54,0.999,BUY,PENDING
2026-03-30 14:55:25,2026-03-30 10:55:25,RR,25,0.001,0.999,0.998,111.1,11874.18,0.001,0.999,0.998,11.89,15868.54,0.999,BUY,PENDING
2026-03-30 14:55:27,2026-03-30 10:55:27,RR,27,0.001,0.999,0.998,111.1,11674.38,0.001,0.999,0.998,11.69,15868.54,0.999,BUY,PENDING
2026-03-30 14:55:28,2026-03-30 10:55:28,RR,28,0.001,0.999,0.998,111.1,11574.48,0.001,0.999,0.998,11.59,15868.54,0.999,BUY,PENDING
2026-03-30 14:55:30,2026-03-30 10:55:30,RR,30,0.001,0.999,0.998,111.1,11474.58,0.001,0.999,0.998,11.39,15868.54,0.999,BUY,PENDING
2026-03-30 14:55:31,2026-03-30 10:55:31,RR,31,0.001,0.999,0.998,102.1,11274.78,0.001,0.999,0.998,11.29,15052.54,0.999,BUY,PENDING
2026-03-30 14:55:33,2026-03-30 10:55:33,RR,33,0.001,0.999,0.998,102.1,11174.88,0.001,0.999,0.998,11.19,15052.54,0.999,BUY,PENDING
2026-03-30 14:55:34,2026-03-30 10:55:34,RR,34,0.001,0.999,0.998,102.1,11074.98,0.001,0.999,0.998,10.99,15052.54,0.999,BUY,PENDING
2026-03-30 14:55:36,2026-03-30 10:55:36,RR,36,0.001,0.999,0.998,102.1,10867.83,0.001,0.999,0.998,8.34,15052.54,0.999,BUY,PENDING
2026-03-30 14:55:37,2026-03-30 10:55:37,RR,37,0.001,0.999,0.998,102.1,8230.47,0.001,0.999,0.998,8.24,15052.54,0.996,SELL,PENDING
2026-03-30 14:55:39,2026-03-30 10:55:39,RR,39,0.001,0.999,0.998,102.1,7810.89,0.001,0.999,0.998,7.72,15052.54,0.999,BUY,PENDING
2026-03-30 14:55:40,2026-03-30 10:55:40,RR,40,0.001,0.999,0.998,102.1,7611.09,0.001,0.999,0.998,7.62,15052.54,0.999,BUY,PENDING
2026-03-30 14:55:42,2026-03-30 10:55:42,RR,42,0.001,0.999,0.998,102.15,7511.19,0.001,0.999,0.998,7.52,15052.54,0.999,BUY,PENDING
2026-03-30 14:55:44,2026-03-30 10:55:44,RR,44,0.001,0.999,0.998,102.1,7411.29,0.001,0.999,0.998,7.42,15052.54,0.999,BUY,PENDING
2026-03-30 14:55:45,2026-03-30 10:55:45,RR,45,0.001,0.999,0.998,102.1,4605.72,0.001,0.999,0.998,4.51,15052.54,0.999,BUY,PENDING
2026-03-30 14:55:47,2026-03-30 10:55:47,RR,47,0.001,0.999,0.998,102.1,4505.82,0.001,0.999,0.998,4.41,15052.54,0.999,BUY,PENDING
2026-03-30 14:55:48,2026-03-30 10:55:48,RR,48,0.001,0.999,0.998,102.1,4306.02,0.001,0.999,0.998,4.31,15052.54,0.999,BUY,PENDING
2026-03-30 14:55:50,2026-03-30 10:55:50,RR,50,0.001,0.999,0.998,102.1,4206.12,0.001,0.999,0.998,4.16,15062.53,0.999,BUY,PENDING
2026-03-30 14:55:51,2026-03-30 10:55:51,RR,51,0.001,0.999,0.998,102.11,4066.26,0.001,0.999,0.998,3.97,15062.53,0.999,BUY,PENDING
2026-03-30 14:55:53,2026-03-30 10:55:53,RR,53,0.001,0.999,0.998,102.11,3815.5,0.001,0.999,0.998,3.82,15062.53,0.999,BUY,PENDING
2026-03-30 14:55:54,2026-03-30 10:55:54,RR,54,0.001,0.999,0.998,102.11,3665.65,0.001,0.999,0.998,3.67,15067.48,0.999,BUY,PENDING
2026-03-30 14:55:56,2026-03-30 10:55:56,RR,56,0.001,0.999,0.998,102.11,6385.12,0.001,0.999,0.998,6.29,15062.53,0.999,BUY,PENDING
2026-03-30 14:55:57,2026-03-30 10:55:57,RR,57,0.001,0.999,0.998,102.11,6085.42,0.001,0.999,0.998,6.09,15062.53,0.999,BUY,PENDING
2026-03-30 14:55:59,2026-03-30 10:55:59,RR,59,0.001,0.999,0.998,102.16,5985.52,0.001,0.999,0.998,5.99,15062.53,0.999,BUY,PENDING
2026-03-30 14:56:00,2026-03-30 10:56:00,RR,60,0.001,0.999,0.998,101.71,2903.67,0.001,0.999,0.998,2.9,15017.98,0.999,BUY,PENDING
2026-03-30 14:56:02,2026-03-30 10:56:02,RR,62,0.001,0.999,0.998,101.67,2696.35,0.001,0.999,0.998,2.7,15032.92,0.999,BUY,PENDING
2026-03-30 14:56:04,2026-03-30 10:56:04,RR,64,0.001,0.999,0.998,101.67,2596.45,0.001,0.999,0.998,2.6,15027.97,0.999,BUY,PENDING
2026-03-30 14:56:05,2026-03-30 10:56:05,RR,65,0.001,0.999,0.998,101.72,2596.45,0.001,0.999,0.998,2.6,15027.97,0.999,BUY,PENDING
2026-03-30 14:56:07,2026-03-30 10:56:07,RR,67,0.001,0.999,0.998,101.67,2596.45,0.001,0.999,0.998,2.6,15032.92,0.999,BUY,PENDING
2026-03-30 14:56:08,2026-03-30 10:56:08,RR,68,0.001,0.999,0.998,101.67,2596.45,0.001,0.999,0.998,2.6,15027.97,0.998,SELL,PENDING
2026-03-30 14:56:10,2026-03-30 10:56:10,RR,70,0.001,0.999,0.998,101.67,2596.45,0.001,0.999,0.998,2.6,15027.97,0.998,SELL,PENDING
2026-03-30 14:56:11,2026-03-30 10:56:11,RR,71,0.001,0.999,0.998,101.67,2596.45,0.001,0.999,0.998,2.6,15027.97,0.998,SELL,PENDING
2026-03-30 14:56:13,2026-03-30 10:56:13,RR,73,0.001,0.999,0.998,101.72,2596.45,0.001,0.999,0.998,2.6,15027.97,0.998,SELL,PENDING
2026-03-30 14:56:14,2026-03-30 10:56:14,RR,74,0.001,0.999,0.998,101.67,2596.45,0.001,0.999,0.998,2.6,15027.97,0.998,SELL,PENDING
2026-03-30 14:56:16,2026-03-30 10:56:16,RR,76,0.001,0.999,0.998,101.67,2596.45,0.001,0.999,0.998,2.6,15027.97,0.998,SELL,PENDING
2026-03-30 14:56:17,2026-03-30 10:56:17,RR,77,0.001,0.999,0.998,101.72,2563.68,0.001,0.999,0.998,2.57,15027.97,0.998,SELL,PENDING
2026-03-30 14:56:19,2026-03-30 10:56:19,RR,79,0.001,0.999,0.998,101.67,1564.68,0.001,0.999,0.998,1.57,15027.97,0.998,SELL,PENDING
2026-03-30 14:56:21,2026-03-30 10:56:21,RR,81,0.001,0.999,0.998,101.67,1564.68,0.001,0.999,0.998,1.57,15027.97,0.998,SELL,PENDING
2026-03-30 14:56:22,2026-03-30 10:56:22,RR,82,0.001,0.999,0.998,101.67,1583.59,0.001,0.999,0.998,1.59,15027.97,0.998,SELL,PENDING
2026-03-30 14:56:24,2026-03-30 10:56:24,RR,84,0.001,0.999,0.998,101.65,1577.6,0.001,0.999,0.998,1.58,15021.99,0.998,SELL,PENDING
2026-03-30 14:56:25,2026-03-30 10:56:25,RR,85,0.001,0.999,0.998,101.65,1577.6,0.001,0.999,0.998,1.58,15021.99,0.998,SELL,PENDING
2026-03-30 14:56:27,2026-03-30 10:56:27,RR,87,0.001,0.999,0.998,101.65,1562.89,0.001,0.999,0.998,1.56,15021.99,0.998,SELL,PENDING
2026-03-30 14:56:28,2026-03-30 10:56:28,RR,88,0.001,0.999,0.998,101.65,1462.99,0.001,0.999,0.998,1.46,15021.99,0.999,BUY,PENDING
2026-03-30 14:56:30,2026-03-30 10:56:30,RR,90,0.001,0.999,0.998,101.7,1462.99,0.001,0.999,0.998,1.48,15015.99,0.999,BUY,PENDING
2026-03-30 14:56:31,2026-03-30 10:56:31,RR,91,0.001,0.999,0.998,101.65,1416.63,0.001,0.999,0.998,1.42,15015.99,0.999,BUY,PENDING
2026-03-30 14:56:33,2026-03-30 10:56:33,RR,93,0.001,0.0,0,101.65,0,0.0,0.999,0,0,15015.99,0.999,BUY,PENDING
2026-03-30 14:56:34,2026-03-30 10:56:34,RR,94,0.001,0.0,0,101.7,0,0.0,0.999,0,0,15015.99,0.999,BUY,PENDING
2026-03-30 14:56:36,2026-03-30 10:56:36,RR,96,0.001,0.999,0.998,101.65,139.86,0.001,0.999,0.998,0.14,15015.99,0.999,BUY,PENDING
2026-03-30 14:56:38,2026-03-30 10:56:38,RR,98,0.001,0.999,0.998,101.65,137.85,0.001,0.999,0.998,0.14,15021.97,0.992,SELL,PENDING
2026-03-30 14:56:39,2026-03-30 10:56:39,RR,99,0.001,0.999,0.998,101.67,137.85,0.001,0.999,0.998,0.14,15031.87,0.992,SELL,PENDING
2026-03-30 14:56:41,2026-03-30 10:56:41,RR,101,0.001,0.999,0.998,101.67,148.87,0.001,0.999,0.998,0.15,15021.97,0.992,SELL,PENDING
2026-03-30 14:56:42,2026-03-30 10:56:42,RR,102,0.001,0.999,0.998,101.67,148.87,0.001,0.999,0.998,0.15,15021.97,0.992,SELL,PENDING
2026-03-30 14:56:44,2026-03-30 10:56:44,RR,104,0.001,0.999,0.998,101.67,148.87,0.001,0.999,0.998,0.15,15026.92,0.992,SELL,PENDING
2026-03-30 14:56:45,2026-03-30 10:56:45,RR,105,0.001,0.999,0.998,101.67,148.87,0.001,0.999,0.998,0.15,15015.99,0.992,SELL,PENDING
2026-03-30 14:56:47,2026-03-30 10:56:47,RR,107,0.001,0.999,0.998,101.7,148.87,0.001,0.999,0.998,0.15,15015.99,0.993,SELL,PENDING
2026-03-30 14:56:48,2026-03-30 10:56:48,RR,108,0.001,0.999,0.998,101.65,148.87,0.001,0.999,0.998,0.15,15015.99,0.995,SELL,PENDING
2026-03-30 14:56:50,2026-03-30 10:56:50,RR,110,0.001,0.999,0.998,101.65,148.87,0.001,0.999,0.998,0.15,15015.99,0.995,SELL,PENDING
2026-03-30 14:56:51,2026-03-30 10:56:51,RR,111,0.001,0.999,0.998,101.7,148.87,0.001,0.999,0.998,0.15,15015.99,0.995,SELL,PENDING
2026-03-30 14:56:53,2026-03-30 10:56:53,RR,113,0.001,0.999,0.998,101.65,148.87,0.001,0.999,0.998,0.15,15015.99,0.995,SELL,PENDING
2026-03-30 14:56:54,2026-03-30 10:56:54,RR,114,0.001,0.0,0,101.65,0,0.0,0.999,0,0,15015.99,0.995,SELL,PENDING
2026-03-30 14:56:56,2026-03-30 10:56:56,RR,116,0.001,0.0,0,101.65,0,0.0,0.999,0,0,15015.99,0.995,SELL,PENDING
2026-03-30 14:56:58,2026-03-30 10:56:58,RR,118,0.001,0.0,0,101.7,0,0.0,0.999,0,0,15015.99,0.995,SELL,PENDING
2026-03-30 14:56:59,2026-03-30 10:56:59,RR,119,0.001,0.0,0,101.65,0,0.0,0.999,0,0,15015.99,0.995,SELL,PENDING
2026-03-30 14:57:01,2026-03-30 10:57:01,RR,121,0.001,0.0,0,101.65,0,0.0,0.999,0,0,15020.94,0.995,SELL,PENDING
2026-03-30 14:57:02,2026-03-30 10:57:02,RR,122,0.001,0.0,0,101.65,0,0.0,0.999,0,0,15015.99,0.995,SELL,PENDING
2026-03-30 14:57:04,2026-03-30 10:57:04,RR,124,0.001,0.0,0,101.65,0,0.0,0.999,0,0,15015.99,0.995,SELL,PENDING
2026-03-30 14:57:05,2026-03-30 10:57:05,RR,125,0.001,0.0,0,101.65,0,0.0,0.999,0,0,15015.99,0.995,SELL,PENDING
2026-03-30 14:57:07,2026-03-30 10:57:07,RR,127,0.001,0.0,0,101.65,0,0.0,0.999,0,0,15015.99,0.995,SELL,PENDING
2026-03-30 14:57:08,2026-03-30 10:57:08,RR,128,0.001,0.0,0,101.65,0,0.0,0.999,0,0,15015.99,0.995,SELL,PENDING
2026-03-30 14:57:10,2026-03-30 10:57:10,RR,130,0.001,0.0,0,101.65,0,0.0,0.999,0,0,15015.99,0.995,SELL,PENDING
2026-03-30 14:57:12,2026-03-30 10:57:12,RR,132,0.001,0.0,0,101.65,0,0.0,0.999,0,0,15015.99,0.995,SELL,PENDING
2026-03-30 14:57:13,2026-03-30 10:57:13,RR,133,0.001,0.0,0,101.65,0,0.0,0.999,0,0,15015.99,0.995,SELL,PENDING
2026-03-30 14:57:15,2026-03-30 10:57:15,RR,135,0.001,0.0,0,101.65,0,0.0,0.999,0,0,15020.94,0.995,SELL,PENDING
2026-03-30 14:57:16,2026-03-30 10:57:16,RR,136,0.001,0.0,0,101.65,0,0.0,0.999,0,0,15015.99,0.995,SELL,PENDING
2026-03-30 14:57:18,2026-03-30 10:57:18,RR,138,0.001,0.0,0,101.77,0,0.0,0.999,0,0,15021.87,0.995,SELL,PENDING
2026-03-30 14:57:19,2026-03-30 10:57:19,RR,139,0.001,0.0,0,101.89,0,0.0,0.999,0,0,15027.75,0.995,SELL,PENDING
2026-03-30 14:57:21,2026-03-30 10:57:21,RR,141,0.001,0.999,0.998,101.94,159.84,0.001,0.999,0.998,0.16,15021.87,0.999,BUY,PENDING
2026-03-30 14:57:22,2026-03-30 10:57:22,RR,142,0.001,0.0,0,101.77,0,0.0,0.999,0,0,15021.87,0.999,BUY,PENDING
2026-03-30 14:57:24,2026-03-30 10:57:24,RR,144,0.001,0.0,0,101.77,0,0.0,0.999,0,0,15021.87,0.999,BUY,PENDING
2026-03-30 14:57:26,2026-03-30 10:57:26,RR,146,0.001,0.0,0,101.77,0,0.0,0.999,0,0,15021.87,0.999,BUY,PENDING
2026-03-30 14:57:27,2026-03-30 10:57:27,RR,147,0.001,0.0,0,101.77,0,0.0,0.999,0,0,15021.87,0.999,BUY,PENDING
2026-03-30 14:57:29,2026-03-30 10:57:29,RR,149,0.001,0.0,0,101.77,0,0.0,0.999,0,0,15021.87,0.999,SELL,PENDING
2026-03-30 14:57:30,2026-03-30 10:57:30,RR,150,0.001,0.0,0,101.77,0,0.0,0.999,0,0,15021.87,0.999,SELL,PENDING
2026-03-30 14:57:32,2026-03-30 10:57:32,RR,152,0.001,0.0,0,101.62,0,0.0,0.999,0,0,15012.02,0.999,SELL,PENDING
2026-03-30 14:57:33,2026-03-30 10:57:33,RR,153,0.001,0.0,0,101.67,0,0.0,0.999,0,0,15012.02,0.999,SELL,PENDING
2026-03-30 14:57:35,2026-03-30 10:57:35,RR,155,0.001,0.0,0,101.62,0,0.0,0.999,0,0,15012.02,0.999,SELL,PENDING
2026-03-30 14:57:36,2026-03-30 10:57:36,RR,156,0.001,0.0,0,101.62,0,0.0,0.999,0,0,15012.02,0.999,SELL,PENDING
2026-03-30 14:57:38,2026-03-30 10:57:38,RR,158,0.001,0.0,0,101.62,0,0.0,0.999,0,0,15012.02,0.999,SELL,PENDING
2026-03-30 14:57:39,2026-03-30 10:57:39,RR,159,0.001,0.0,0,101.62,0,0.0,0.999,0,0,15012.02,0.999,SELL,PENDING
2026-03-30 14:57:41,2026-03-30 10:57:41,RR,161,0.001,0.0,0,101.62,0,0.0,0.999,0,0,15012.02,0.999,SELL,PENDING
2026-03-30 14:57:42,2026-03-30 10:57:42,RR,162,0.001,0.0,0,101.62,0,0.0,0.999,0,0,15012.02,0.999,SELL,PENDING
2026-03-30 14:57:44,2026-03-30 10:57:44,RR,164,0.001,0.0,0,101.62,0,0.0,0.999,0,0,15012.02,0.999,SELL,PENDING
2026-03-30 14:57:46,2026-03-30 10:57:46,RR,166,0.001,0.0,0,101.74,0,0.0,0.999,0,0,15018.0,0.999,SELL,PENDING
2026-03-30 14:57:47,2026-03-30 10:57:47,RR,167,0.001,0.997,0.996,101.64,2136.07,0.003,0.999,0.996,6.34,15018.0,0.997,BUY,PENDING
2026-03-30 14:57:49,2026-03-30 10:57:49,RR,169,0.001,0.997,0.996,101.64,2106.03,0.003,0.999,0.996,6.34,15018.0,0.997,BUY,PENDING
2026-03-30 14:57:50,2026-03-30 10:57:50,RR,170,0.001,0.997,0.996,101.64,2076.12,0.003,0.999,0.996,6.25,15018.0,0.997,BUY,PENDING
2026-03-30 14:57:52,2026-03-30 10:57:52,RR,172,0.001,0.999,0.998,101.65,5.99,0.003,0.999,0.996,0.02,15030.91,0.997,BUY,PENDING
2026-03-30 14:57:53,2026-03-30 10:57:53,RR,173,0.001,0.0,0,101.63,0,0.0,0.999,0,0,15021.01,0.997,BUY,PENDING
2026-03-30 14:57:55,2026-03-30 10:57:55,RR,175,0.001,0.0,0,101.63,0,0.0,0.999,0,0,15021.01,0.997,BUY,PENDING
2026-03-30 14:57:56,2026-03-30 10:57:56,RR,176,0.001,0.0,0,101.63,0,0.0,0.999,0,0,15021.01,0.997,BUY,PENDING
2026-03-30 14:57:58,2026-03-30 10:57:58,RR,178,0.001,0.0,0,101.68,0,0.0,0.999,0,0,15021.01,0.997,BUY,PENDING
2026-03-30 14:58:00,2026-03-30 10:58:00,RR,180,0.001,0.0,0,101.63,0,0.0,0.999,0,0,15021.01,0.997,BUY,PENDING
2026-03-30 14:58:01,2026-03-30 10:58:01,RR,181,0.001,0.0,0,101.68,0,0.0,0.999,0,0,15021.01,0.997,BUY,PENDING
2026-03-30 14:58:03,2026-03-30 10:58:03,RR,183,0.001,0.0,0,101.63,0,0.0,0.999,0,0,15021.01,0.997,BUY,PENDING
2026-03-30 14:58:04,2026-03-30 10:58:04,RR,184,0.001,0.0,0,101.63,0,0.0,0.999,0,0,15021.01,0.997,BUY,PENDING
2026-03-30 14:58:06,2026-03-30 10:58:06,RR,186,0.001,0.0,0,101.63,0,0.0,0.999,0,0,15021.01,0.997,BUY,PENDING
2026-03-30 14:58:07,2026-03-30 10:58:07,RR,187,0.001,0.0,0,101.63,0,0.0,0.999,0,0,15021.01,0.997,BUY,PENDING
2026-03-30 14:58:09,2026-03-30 10:58:09,RR,189,0.001,0.0,0,101.63,0,0.0,0.999,0,0,15021.01,0.997,BUY,PENDING
2026-03-30 14:58:11,2026-03-30 10:58:11,RR,191,0.001,0.0,0,101.63,0,0.0,0.999,0,0,15021.01,0.997,BUY,PENDING
2026-03-30 14:58:12,2026-03-30 10:58:12,RR,192,0.001,0.0,0,101.63,0,0.0,0.999,0,0,15021.01,0.997,BUY,PENDING
2026-03-30 14:58:14,2026-03-30 10:58:14,RR,194,0.001,0.0,0,101.63,0,0.0,0.999,0,0,15021.01,0.997,BUY,PENDING
2026-03-30 14:58:15,2026-03-30 10:58:15,RR,195,0.001,0.0,0,101.68,0,0.0,0.999,0,0,15021.01,0.999,SELL,PENDING
2026-03-30 14:58:17,2026-03-30 10:58:17,RR,197,0.001,0.0,0,101.63,0,0.0,0.999,0,0,15021.01,0.999,SELL,PENDING
2026-03-30 14:58:18,2026-03-30 10:58:18,RR,198,0.001,0.0,0,101.63,0,0.0,0.999,0,0,15021.01,0.999,SELL,PENDING
2026-03-30 14:58:20,2026-03-30 10:58:20,RR,200,0.001,0.0,0,101.87,0,0.0,0.999,0,0,15041.72,0.999,SELL,PENDING
2026-03-30 14:58:21,2026-03-30 10:58:21,RR,201,0.001,0.0,0,101.87,0,0.0,0.999,0,0,15036.77,0.999,SELL,PENDING
2026-03-30 14:58:23,2026-03-30 10:58:23,RR,203,0.001,0.0,0,101.87,0,0.0,0.999,0,0,15036.77,0.999,SELL,PENDING
2026-03-30 14:58:24,2026-03-30 10:58:24,RR,204,0.001,0.0,0,101.87,0,0.0,0.999,0,0,15036.77,0.999,SELL,PENDING
2026-03-30 14:58:26,2026-03-30 10:58:26,RR,206,0.001,0.0,0,101.87,0,0.0,0.999,0,0,15036.77,0.999,SELL,PENDING
2026-03-30 14:58:28,2026-03-30 10:58:28,RR,208,0.001,0.0,0,101.87,0,0.0,0.999,0,0,15036.77,0.999,SELL,PENDING
2026-03-30 14:58:29,2026-03-30 10:58:29,RR,209,0.001,0.0,0,101.87,0,0.0,0.999,0,0,15036.77,0.999,SELL,PENDING
2026-03-30 14:58:31,2026-03-30 10:58:31,RR,211,0.001,0.0,0,101.92,0,0.0,0.999,0,0,15036.77,0.999,SELL,PENDING
2026-03-30 14:58:32,2026-03-30 10:58:32,RR,212,0.001,0.0,0,101.87,0,0.0,0.999,0,0,15036.77,0.999,SELL,PENDING
2026-03-30 14:58:34,2026-03-30 10:58:34,RR,214,0.001,0.0,0,101.87,0,0.0,0.999,0,0,15036.77,0.999,SELL,PENDING
2026-03-30 14:58:35,2026-03-30 10:58:35,RR,215,0.001,0.0,0,101.87,0,0.0,0.999,0,0,15036.77,0.999,SELL,PENDING
2026-03-30 14:58:37,2026-03-30 10:58:37,RR,217,0.001,0.0,0,101.87,0,0.0,0.999,0,0,15041.72,0.999,SELL,PENDING
2026-03-30 14:58:39,2026-03-30 10:58:39,RR,219,0.001,0.0,0,101.87,0,0.0,0.999,0,0,15036.77,0.999,SELL,PENDING
2026-03-30 14:58:40,2026-03-30 10:58:40,RR,220,0.001,0.0,0,101.87,0,0.0,0.999,0,0,15036.77,0.999,SELL,PENDING
2026-03-30 14:58:42,2026-03-30 10:58:42,RR,222,0.001,0.0,0,101.87,0,0.0,0.999,0,0,15036.77,0.999,SELL,PENDING
2026-03-30 14:58:43,2026-03-30 10:58:43,RR,223,0.001,0.0,0,101.87,0,0.0,0.999,0,0,15036.77,0.999,SELL,PENDING
2026-03-30 14:58:45,2026-03-30 10:58:45,RR,225,0.001,0.0,0,101.87,0,0.0,0.999,0,0,15036.77,0.999,SELL,PENDING
2026-03-30 14:58:46,2026-03-30 10:58:46,RR,226,0.001,0.0,0,101.87,0,0.0,0.999,0,0,15036.77,0.999,SELL,PENDING
2026-03-30 14:58:48,2026-03-30 10:58:48,RR,228,0.001,0.0,0,101.87,0,0.0,0.999,0,0,15036.77,0.999,SELL,PENDING
2026-03-30 14:58:49,2026-03-30 10:58:49,RR,229,0.001,0.0,0,101.87,0,0.0,0.999,0,0,15036.77,0.999,SELL,PENDING
2026-03-30 14:58:51,2026-03-30 10:58:51,RR,231,0.001,0.0,0,101.87,0,0.0,0.999,0,0,15036.77,0.999,SELL,PENDING
2026-03-30 14:58:53,2026-03-30 10:58:53,RR,233,0.001,0.0,0,101.87,0,0.0,0.999,0,0,15036.77,0.999,SELL,PENDING
2026-03-30 14:58:54,2026-03-30 10:58:54,RR,234,0.001,0.0,0,101.87,0,0.0,0.999,0,0,15036.77,0.999,SELL,PENDING
2026-03-30 14:58:56,2026-03-30 10:58:56,RR,236,0.001,0.0,0,101.87,0,0.0,0.999,0,0,15036.77,0.999,SELL,PENDING
2026-03-30 14:58:57,2026-03-30 10:58:57,RR,237,0.001,0.0,0,101.92,0,0.0,0.999,0,0,15036.77,0.999,SELL,PENDING
2026-03-30 14:58:59,2026-03-30 10:58:59,RR,239,0.001,0.0,0,101.92,0,0.0,0.999,0,0,15036.77,0.999,SELL,PENDING
2026-03-30 14:59:00,2026-03-30 10:59:00,RR,240,0.001,0.0,0,98.87,0,0.0,0.999,0,0,14553.22,0.999,SELL,PENDING
