timestamp_et,sequence_type,seconds_elapsed,up_bid,up_ask,up_bid_liq,up_ask_liq,up_last,down_bid,down_ask,down_bid_liq,down_ask_liq,down_last,candle_outcome
2026-04-02 07:25:02,GG,2,0.01,0.99,97.99,10335.75,0.03,0.01,0.99,166.22,8683.28,0.98,PENDING
2026-04-02 07:25:04,GG,4,0.01,0.99,86.16,10335.75,0.02,0.01,0.99,166.22,8117.97,0.99,PENDING
2026-04-02 07:25:06,GG,6,0.01,0.99,79.21,10335.75,0.01,0.01,0.99,166.22,7667.48,0.99,PENDING
2026-04-02 07:25:07,GG,7,0.01,0.99,77.45,10261.75,0.01,0.01,0.99,165.22,7670.45,0.99,PENDING
2026-04-02 07:25:09,GG,9,0.01,0.99,73.97,10261.75,0.02,0.01,0.99,165.22,7318.01,0.99,PENDING
2026-04-02 07:25:11,GG,11,0.01,0.99,71.13,10261.75,0.02,0.01,0.99,165.22,7107.09,0.98,PENDING
2026-04-02 07:25:13,GG,13,0.01,0.99,73.18,10261.75,0.01,0.01,0.99,165.22,7020.34,0.98,PENDING
2026-04-02 07:25:14,GG,14,0.01,0.99,70.2,10261.75,0.02,0.01,0.99,165.22,6772.84,0.99,PENDING
2026-04-02 07:25:16,GG,16,0.01,0.99,67.65,10261.75,0.02,0.01,0.99,165.22,6692.68,0.99,PENDING
2026-04-02 07:25:18,GG,18,0.01,0.99,68.28,10261.75,0.01,0.01,0.99,165.22,6679.7,0.99,PENDING
2026-04-02 07:25:19,GG,19,0.01,0.99,68.13,10261.75,0.02,0.01,0.99,165.22,6401.51,0.99,PENDING
2026-04-02 07:25:21,GG,21,0.01,0.99,64.66,9271.75,0.02,0.01,0.99,155.22,6405.45,0.99,PENDING
2026-04-02 07:25:23,GG,23,0.01,0.99,66.74,9271.75,0.02,0.01,0.99,155.22,6607.74,0.99,PENDING
2026-04-02 07:25:25,GG,25,0.01,0.99,66.41,9271.75,0.02,0.01,0.99,155.22,6579.14,0.99,PENDING
2026-04-02 07:25:26,GG,26,0.01,0.99,63.74,9271.75,0.02,0.01,0.99,155.22,6230.89,0.99,PENDING
2026-04-02 07:25:28,GG,28,0.01,0.99,63.52,9271.75,0.02,0.01,0.99,155.22,6283.33,0.99,PENDING
2026-04-02 07:25:30,GG,30,0.01,0.99,63.19,9271.75,0.02,0.01,0.99,155.22,6129.88,0.99,PENDING
2026-04-02 07:25:32,GG,32,0.01,0.99,61.97,9109.76,0.01,0.01,0.99,150.21,6129.62,0.99,PENDING
2026-04-02 07:25:33,GG,33,0.01,0.99,62.4,9109.76,0.01,0.01,0.99,150.21,6177.14,0.99,PENDING
2026-04-02 07:25:35,GG,35,0.01,0.99,62.34,9109.76,0.02,0.01,0.99,150.21,6223.64,0.98,PENDING
2026-04-02 07:25:37,GG,37,0.01,0.99,62.45,9109.76,0.02,0.01,0.99,150.21,6182.08,0.98,PENDING
2026-04-02 07:25:39,GG,39,0.01,0.99,62.98,9109.76,0.02,0.01,0.99,150.21,6305.71,0.98,PENDING
2026-04-02 07:25:40,GG,40,0.01,0.99,62.97,9109.76,0.02,0.01,0.99,150.26,6298.76,0.99,PENDING
2026-04-02 07:25:42,GG,42,0.01,0.99,64.46,9109.76,0.02,0.01,0.99,150.21,6455.12,0.99,PENDING
2026-04-02 07:25:44,GG,44,0.01,0.99,65.46,9109.76,0.02,0.01,0.99,150.21,6277.91,0.99,PENDING
2026-04-02 07:25:46,GG,46,0.01,0.99,63.61,9109.76,0.02,0.01,0.99,150.21,6222.47,0.99,PENDING
2026-04-02 07:25:47,GG,47,0.01,0.99,64.96,9109.76,0.02,0.01,0.99,150.21,6361.07,0.99,PENDING
2026-04-02 07:25:49,GG,49,0.01,0.99,64.96,9109.76,0.02,0.01,0.99,150.21,6361.07,0.99,PENDING
2026-04-02 07:25:51,GG,51,0.01,0.99,64.96,9109.76,0.02,0.01,0.99,150.21,6431.33,0.99,PENDING
2026-04-02 07:25:52,GG,52,0.01,0.99,65.54,9109.76,0.02,0.01,0.99,150.21,6493.7,0.99,PENDING
2026-04-02 07:25:54,GG,54,0.01,0.99,64.93,9109.76,0.02,0.01,0.99,150.21,6428.39,0.99,PENDING
2026-04-02 07:25:56,GG,56,0.01,0.99,66.08,9109.76,0.02,0.01,0.99,150.21,6541.93,0.99,PENDING
2026-04-02 07:25:58,GG,58,0.01,0.99,66.13,9109.76,0.02,0.01,0.99,150.21,6543.91,0.99,PENDING
2026-04-02 07:25:59,GG,59,0.01,0.99,66.05,9109.76,0.02,0.01,0.99,150.21,6543.91,0.99,PENDING
2026-04-02 07:26:01,GG,61,0.01,0.99,65.65,9109.76,0.02,0.01,0.99,150.21,6499.34,0.99,PENDING
2026-04-02 07:26:03,GG,63,0.01,0.99,65.56,9109.76,0.02,0.01,0.99,150.21,6487.89,0.99,PENDING
2026-04-02 07:26:05,GG,65,0.01,0.99,65.45,9109.76,0.02,0.01,0.99,150.21,6479.88,0.99,PENDING
2026-04-02 07:26:07,GG,67,0.01,0.99,65.35,9109.76,0.02,0.01,0.99,150.21,6389.72,0.99,PENDING
2026-04-02 07:26:09,GG,69,0.01,0.99,65.15,9109.76,0.02,0.01,0.99,150.21,6459.98,0.99,PENDING
2026-04-02 07:26:11,GG,71,0.01,0.99,64.59,9109.76,0.02,0.01,0.99,150.21,6394.67,0.99,PENDING
2026-04-02 07:26:13,GG,73,0.001,0.999,67.73,8055.39,0.012,0.001,0.999,95.33,8887.67,0.988,PENDING
2026-04-02 07:26:14,GG,74,0.001,0.999,59.89,7717.41,0.012,0.001,0.999,80.94,8316.16,0.988,PENDING
2026-04-02 07:26:16,GG,76,0.001,0.999,64.97,13062.06,0.012,0.001,0.999,86.29,14219.41,0.988,PENDING
2026-04-02 07:26:18,GG,78,0.001,0.999,10.22,13374.75,0.015,0.001,0.999,86.6,8753.78,0.99,PENDING
2026-04-02 07:26:20,GG,80,0.001,0.999,10.42,13874.25,0.015,0.001,0.999,87.1,8753.58,0.99,PENDING
2026-04-02 07:26:21,GG,81,0.001,0.999,10.42,13874.25,0.01,0.001,0.999,87.1,8753.58,0.99,PENDING
2026-04-02 07:26:23,GG,83,0.001,0.999,10.42,13874.25,0.01,0.001,0.999,87.1,8753.58,0.99,PENDING
2026-04-02 07:26:25,GG,85,0.001,0.999,10.22,13874.25,0.01,0.001,0.999,87.1,8753.78,0.99,PENDING
2026-04-02 07:26:27,GG,87,0.001,0.999,10.02,13874.25,0.01,0.001,0.999,87.1,8753.98,0.99,PENDING
2026-04-02 07:26:28,GG,88,0.001,0.999,10.22,13874.25,0.01,0.001,0.999,87.1,8853.78,0.99,PENDING
2026-04-02 07:26:30,GG,90,0.001,0.999,10.42,13874.25,0.01,0.001,0.999,87.1,8853.58,0.99,PENDING
2026-04-02 07:26:32,GG,92,0.001,0.999,10.42,13874.25,0.01,0.001,0.999,87.1,8853.58,0.99,PENDING
2026-04-02 07:26:34,GG,94,0.001,0.999,10.42,13874.25,0.01,0.001,0.999,87.1,8853.58,0.99,PENDING
2026-04-02 07:26:35,GG,95,0.001,0.999,42.59,13874.25,0.01,0.001,0.999,87.1,8853.78,0.99,PENDING
2026-04-02 07:26:37,GG,97,0.001,0.999,10.22,13874.25,0.01,0.001,0.999,87.1,8853.78,0.99,PENDING
2026-04-02 07:26:39,GG,99,0.001,0.999,10.42,13874.25,0.01,0.001,0.999,87.1,8955.47,0.99,PENDING
2026-04-02 07:26:40,GG,100,0.001,0.999,10.42,13874.25,0.01,0.001,0.999,87.1,8955.67,0.99,PENDING
2026-04-02 07:26:42,GG,102,0.001,0.999,10.22,13874.25,0.01,0.001,0.999,87.1,8955.67,0.99,PENDING
2026-04-02 07:26:44,GG,104,0.001,0.999,10.22,13874.25,0.01,0.001,0.999,87.1,8955.67,0.99,PENDING
2026-04-02 07:26:46,GG,106,0.001,0.999,10.22,13874.25,0.01,0.001,0.999,87.1,8955.67,0.99,PENDING
2026-04-02 07:26:47,GG,107,0.001,0.999,10.22,13874.25,0.01,0.001,0.999,87.1,8955.67,0.99,PENDING
2026-04-02 07:26:49,GG,109,0.001,0.999,10.22,13874.25,0.01,0.001,0.999,87.1,8955.67,0.99,PENDING
2026-04-02 07:26:51,GG,111,0.001,0.999,10.02,13874.25,0.01,0.001,0.999,87.1,8955.87,0.99,PENDING
2026-04-02 07:26:53,GG,113,0.001,0.999,10.02,13874.25,0.01,0.001,0.999,87.1,8955.87,0.99,PENDING
2026-04-02 07:26:54,GG,114,0.001,0.999,9.82,13874.25,0.005,0.001,0.999,87.1,9454.56,0.996,PENDING
2026-04-02 07:26:56,GG,116,0.001,0.999,10.32,13874.25,0.005,0.001,0.999,87.1,9454.56,0.992,PENDING
2026-04-02 07:26:58,GG,118,0.001,0.999,10.34,13874.25,0.005,0.001,0.999,87.1,9355.97,0.996,PENDING
2026-04-02 07:26:59,GG,119,0.001,0.999,10.11,13874.25,0.004,0.001,0.999,87.1,9451.76,0.997,PENDING
2026-04-02 07:27:01,GG,121,0.001,0.999,9.61,13874.25,0.003,0.001,0.999,87.1,9352.16,0.997,PENDING
2026-04-02 07:27:03,GG,123,0.001,0.999,9.63,13874.25,0.003,0.001,0.999,87.1,9611.96,0.997,PENDING
2026-04-02 07:27:05,GG,125,0.001,0.999,9.93,13874.25,0.003,0.001,0.999,87.1,9610.95,0.998,PENDING
2026-04-02 07:27:06,GG,126,0.001,0.999,9.93,13874.25,0.003,0.001,0.999,87.1,9610.95,0.998,PENDING
2026-04-02 07:27:08,GG,128,0.001,0.999,10.06,13874.25,0.006,0.001,0.999,87.1,9800.82,0.995,PENDING
2026-04-02 07:27:10,GG,130,0.001,0.999,10.06,13874.25,0.006,0.001,0.999,87.1,9800.82,0.995,PENDING
2026-04-02 07:27:11,GG,131,0.001,0.999,9.98,13874.25,0.006,0.001,0.999,87.1,9760.9,0.995,PENDING
2026-04-02 07:27:13,GG,133,0.001,0.999,9.97,13874.25,0.006,0.001,0.999,87.0,9759.9,0.998,PENDING
2026-04-02 07:27:15,GG,135,0.001,0.999,9.97,13874.25,0.006,0.001,0.999,87.1,9759.9,0.998,PENDING
2026-04-02 07:27:17,GG,137,0.001,0.999,9.97,13874.25,0.006,0.001,0.999,87.1,9759.9,0.998,PENDING
2026-04-02 07:27:18,GG,138,0.001,0.999,9.97,13874.25,0.006,0.001,0.999,87.1,9759.9,0.998,PENDING
2026-04-02 07:27:20,GG,140,0.001,0.999,9.97,13874.25,0.006,0.001,0.999,87.1,9759.9,0.998,PENDING
2026-04-02 07:27:22,GG,142,0.001,0.999,9.97,13874.25,0.006,0.001,0.999,87.1,9759.9,0.998,PENDING
2026-04-02 07:27:24,GG,144,0.001,0.999,9.57,13874.25,0.006,0.001,0.999,87.1,9560.3,0.998,PENDING
2026-04-02 07:27:25,GG,145,0.001,0.999,9.57,13874.25,0.006,0.001,0.999,87.0,9560.3,0.998,PENDING
2026-04-02 07:27:27,GG,147,0.001,0.999,11.05,13874.25,0.006,0.001,0.999,87.1,10049.25,0.997,PENDING
2026-04-02 07:27:29,GG,149,0.001,0.999,10.83,13874.25,0.006,0.001,0.999,87.1,9989.47,0.997,PENDING
2026-04-02 07:27:30,GG,150,0.001,0.999,9.65,13864.4,0.006,0.001,0.999,86.95,9600.22,0.997,PENDING
2026-04-02 07:27:32,GG,152,0.001,0.999,10.77,13864.4,0.006,0.001,0.999,86.95,9959.1,0.997,PENDING
2026-04-02 07:27:34,GG,154,0.001,0.999,10.97,13864.4,0.006,0.001,0.999,86.95,10057.89,0.997,PENDING
2026-04-02 07:27:36,GG,156,0.001,0.999,10.97,13864.4,0.005,0.001,0.999,86.95,10057.89,0.997,PENDING
2026-04-02 07:27:37,GG,157,0.001,0.999,9.07,13864.4,0.005,0.001,0.999,86.85,8657.88,0.999,PENDING
2026-04-02 07:27:39,GG,159,0.001,0.999,8.61,13864.4,0.005,0.001,0.999,86.95,8602.88,0.999,PENDING
2026-04-02 07:27:41,GG,161,0.001,0.999,8.61,13864.4,0.005,0.001,0.999,86.95,8602.88,0.999,PENDING
2026-04-02 07:27:43,GG,163,0.001,0.999,8.61,13864.4,0.005,0.001,0.999,86.95,8602.88,0.999,PENDING
2026-04-02 07:27:44,GG,164,0.001,0.999,8.51,13864.4,0.005,0.001,0.999,86.95,8502.98,0.999,PENDING
2026-04-02 07:27:46,GG,166,0.001,0.999,8.51,13864.4,0.005,0.001,0.999,86.95,8502.98,0.999,PENDING
2026-04-02 07:27:48,GG,168,0.001,0.999,8.51,13864.4,0.005,0.001,0.999,86.95,18492.98,0.999,PENDING
2026-04-02 07:27:50,GG,170,0.001,0.999,18.41,13864.4,0.005,0.001,0.999,86.95,18393.08,0.999,PENDING
2026-04-02 07:27:51,GG,171,0.001,0.999,18.41,13864.4,0.005,0.001,0.999,86.95,18393.08,0.999,PENDING
2026-04-02 07:27:53,GG,173,0.001,0.999,18.33,13864.4,0.005,0.001,0.999,86.95,18315.44,0.999,PENDING
2026-04-02 07:27:55,GG,175,0.001,0.999,18.34,13864.4,0.005,0.001,0.999,86.95,18325.42,0.999,PENDING
2026-04-02 07:27:57,GG,177,0.001,0.999,18.24,13864.4,0.005,0.001,0.999,86.95,18225.52,0.999,PENDING
2026-04-02 07:27:58,GG,178,0.001,0.999,18.29,13864.4,0.005,0.001,0.999,86.95,18275.47,0.999,PENDING
2026-04-02 07:28:00,GG,180,0.001,0.999,16.04,13864.4,0.005,0.001,0.999,86.95,16020.53,0.998,PENDING
2026-04-02 07:28:02,GG,182,0.001,0.999,15.98,13864.4,0.005,0.001,0.999,86.95,15965.57,0.999,PENDING
2026-04-02 07:28:03,GG,183,0.001,0.999,15.98,13864.4,0.005,0.001,0.999,86.95,15914.61,0.999,PENDING
2026-04-02 07:28:05,GG,185,0.001,0.999,15.83,13864.4,0.005,0.001,0.999,86.95,15814.71,0.999,PENDING
2026-04-02 07:28:07,GG,187,0.001,0.999,15.68,13864.4,0.005,0.001,0.999,86.95,15664.86,0.999,PENDING
2026-04-02 07:28:09,GG,189,0.001,0.999,15.63,13864.4,0.005,0.001,0.999,86.95,15509.9,0.999,PENDING
2026-04-02 07:28:10,GG,190,0.001,0.999,15.48,13864.4,0.002,0.001,0.999,86.95,15459.95,0.999,PENDING
2026-04-02 07:28:12,GG,192,0.001,0.999,15.53,13864.4,0.002,0.001,0.999,86.95,15509.9,0.999,PENDING
2026-04-02 07:28:14,GG,194,0.001,0.999,15.48,13864.4,0.002,0.001,0.999,86.95,15459.95,0.999,PENDING
2026-04-02 07:28:16,GG,196,0.001,0.999,15.48,13864.4,0.002,0.001,0.999,86.95,15459.95,0.999,PENDING
2026-04-02 07:28:18,GG,198,0.001,0.999,15.48,13864.4,0.002,0.001,0.999,86.95,15459.95,0.998,PENDING
2026-04-02 07:28:19,GG,199,0.001,0.999,15.38,13864.4,0.002,0.001,0.999,86.95,15360.05,0.998,PENDING
2026-04-02 07:28:21,GG,201,0.001,0.999,15.38,13864.4,0.002,0.001,0.999,86.95,15060.05,0.999,PENDING
2026-04-02 07:28:23,GG,203,0.001,0.999,15.08,13864.4,0.002,0.001,0.999,86.95,15060.05,0.999,PENDING
2026-04-02 07:28:25,GG,205,0.001,0.999,15.08,13864.4,0.002,0.001,0.999,86.95,15051.51,0.999,PENDING
2026-04-02 07:28:26,GG,206,0.001,0.999,15.07,13864.4,0.002,0.001,0.999,86.95,15051.51,0.999,PENDING
2026-04-02 07:28:28,GG,208,0.001,0.999,15.07,13864.4,0.002,0.001,0.999,86.95,15051.51,0.999,PENDING
2026-04-02 07:28:30,GG,210,0.0,0.999,0,13864.4,0.002,0.001,0.0,86.95,0,0.999,PENDING
2026-04-02 07:28:32,GG,212,0.0,0.999,0,13864.4,0.002,0.001,0.0,86.95,0,0.999,PENDING
2026-04-02 07:28:33,GG,213,0.0,0.999,0,13864.4,0.002,0.001,0.0,86.95,0,0.999,PENDING
2026-04-02 07:28:35,GG,215,0.0,0.999,0,13864.4,0.002,0.001,0.0,86.95,0,0.999,PENDING
2026-04-02 07:28:37,GG,217,0.0,0.999,0,13864.4,0.002,0.001,0.0,86.95,0,0.999,PENDING
2026-04-02 07:28:38,GG,218,0.0,0.999,0,13864.4,0.002,0.001,0.0,86.95,0,0.999,PENDING
2026-04-02 07:28:40,GG,220,0.0,0.999,0,13864.4,0.002,0.001,0.0,86.95,0,0.999,PENDING
2026-04-02 07:28:42,GG,222,0.0,0.999,0,13864.4,0.002,0.001,0.0,86.95,0,0.999,PENDING
2026-04-02 07:28:44,GG,224,0.0,0.999,0,13864.4,0.002,0.001,0.0,86.95,0,0.999,PENDING
2026-04-02 07:28:45,GG,225,0.0,0.999,0,13864.4,0.001,0.001,0.0,86.95,0,0.999,PENDING
2026-04-02 07:28:47,GG,227,0.0,0.999,0,13864.4,0.001,0.001,0.0,86.95,0,0.999,PENDING
2026-04-02 07:28:49,GG,229,0.0,0.999,0,13864.4,0.001,0.001,0.0,86.95,0,0.999,PENDING
2026-04-02 07:28:50,GG,230,0.0,0.999,0,13864.4,0.001,0.001,0.0,86.95,0,0.999,PENDING
2026-04-02 07:28:52,GG,232,0.0,0.999,0,13864.4,0.001,0.001,0.0,86.95,0,0.999,PENDING
2026-04-02 07:28:54,GG,234,0.0,0.999,0,13864.4,0.001,0.001,0.0,86.95,0,0.999,PENDING
2026-04-02 07:28:56,GG,236,0.0,0.999,0,13864.4,0.001,0.001,0.0,86.95,0,0.999,PENDING
2026-04-02 07:28:57,GG,237,0.0,0.999,0,13864.4,0.001,0.001,0.0,86.95,0,0.999,PENDING
2026-04-02 07:28:59,GG,239,0.0,0.999,0,13864.4,0.001,0.001,0.0,83.95,0,0.999,PENDING
