timestamp_et,sequence_type,seconds_elapsed,up_bid,up_ask,up_bid_liq,up_ask_liq,up_last,down_bid,down_ask,down_bid_liq,down_ask_liq,down_last,candle_outcome
2026-04-01 08:40:02,RR,2,0.01,0.0,107.42,0,0.99,0.0,0.99,0,4460.03,0.01,PENDING
2026-04-01 08:40:04,RR,4,0.01,0.0,107.42,0,0.99,0.0,0.99,0,4460.03,0.01,PENDING
2026-04-01 08:40:05,RR,5,0.01,0.0,112.42,0,0.99,0.0,0.99,0,4955.03,0.01,PENDING
2026-04-01 08:40:07,RR,7,0.01,0.0,112.42,0,0.99,0.0,0.99,0,4955.03,0.01,PENDING
2026-04-01 08:40:09,RR,9,0.01,0.0,112.42,0,0.99,0.0,0.99,0,4905.53,0.01,PENDING
2026-04-01 08:40:10,RR,10,0.01,0.0,111.42,0,0.99,0.0,0.99,0,4881.03,0.01,PENDING
2026-04-01 08:40:12,RR,12,0.01,0.0,111.42,0,0.99,0.0,0.99,0,4881.03,0.01,PENDING
2026-04-01 08:40:13,RR,13,0.01,0.0,111.42,0,0.99,0.0,0.99,0,4881.03,0.01,PENDING
2026-04-01 08:40:15,RR,15,0.01,0.0,111.42,0,0.99,0.0,0.99,0,4881.03,0.01,PENDING
2026-04-01 08:40:17,RR,17,0.01,0.0,111.42,0,0.99,0.0,0.99,0,4881.03,0.01,PENDING
2026-04-01 08:40:18,RR,18,0.01,0.0,111.42,0,0.99,0.0,0.99,0,4881.03,0.01,PENDING
2026-04-01 08:40:20,RR,20,0.01,0.0,111.42,0,0.99,0.0,0.99,0,4881.03,0.01,PENDING
2026-04-01 08:40:21,RR,21,0.01,0.0,111.42,0,0.99,0.0,0.99,0,4881.03,0.01,PENDING
2026-04-01 08:40:23,RR,23,0.01,0.0,111.42,0,0.99,0.0,0.99,0,4881.03,0.01,PENDING
2026-04-01 08:40:24,RR,24,0.01,0.0,111.42,0,0.99,0.0,0.99,0,4881.03,0.01,PENDING
2026-04-01 08:40:26,RR,26,0.01,0.0,111.42,0,0.99,0.0,0.99,0,4881.03,0.01,PENDING
2026-04-01 08:40:28,RR,28,0.01,0.0,111.42,0,0.99,0.0,0.99,0,4881.03,0.01,PENDING
2026-04-01 08:40:29,RR,29,0.01,0.0,111.42,0,0.99,0.0,0.99,0,4881.03,0.01,PENDING
2026-04-01 08:40:31,RR,31,0.01,0.0,101.43,0,0.99,0.0,0.99,0,4558.02,0.01,PENDING
2026-04-01 08:40:32,RR,32,0.01,0.0,101.43,0,0.99,0.0,0.99,0,4558.02,0.01,PENDING
2026-04-01 08:40:34,RR,34,0.01,0.0,101.43,0,0.99,0.0,0.99,0,4558.02,0.01,PENDING
2026-04-01 08:40:36,RR,36,0.01,0.0,101.43,0,0.99,0.0,0.99,0,4558.02,0.01,PENDING
2026-04-01 08:40:37,RR,37,0.01,0.0,101.43,0,0.99,0.0,0.99,0,4558.02,0.01,PENDING
2026-04-01 08:40:39,RR,39,0.01,0.0,101.43,0,0.99,0.0,0.99,0,4558.02,0.01,PENDING
2026-04-01 08:40:40,RR,40,0.01,0.0,101.43,0,0.99,0.0,0.99,0,4558.02,0.01,PENDING
2026-04-01 08:40:42,RR,42,0.01,0.0,101.33,0,0.99,0.0,0.99,0,4548.41,0.01,PENDING
2026-04-01 08:40:43,RR,43,0.01,0.0,101.33,0,0.99,0.0,0.99,0,4548.41,0.01,PENDING
2026-04-01 08:40:45,RR,45,0.01,0.0,101.33,0,0.99,0.0,0.99,0,4548.41,0.01,PENDING
2026-04-01 08:40:47,RR,47,0.01,0.0,101.33,0,0.99,0.0,0.99,0,4548.41,0.01,PENDING
2026-04-01 08:40:48,RR,48,0.01,0.0,101.33,0,0.99,0.0,0.99,0,4548.41,0.01,PENDING
2026-04-01 08:40:50,RR,50,0.01,0.0,101.33,0,0.99,0.0,0.99,0,4548.41,0.01,PENDING
2026-04-01 08:40:51,RR,51,0.01,0.0,101.33,0,0.99,0.0,0.99,0,4548.41,0.01,PENDING
2026-04-01 08:40:53,RR,53,0.01,0.0,101.33,0,0.99,0.0,0.99,0,4548.41,0.01,PENDING
2026-04-01 08:40:54,RR,54,0.01,0.0,101.33,0,0.99,0.0,0.99,0,4548.41,0.01,PENDING
2026-04-01 08:40:56,RR,56,0.01,0.0,101.33,0,0.99,0.0,0.99,0,4548.41,0.01,PENDING
2026-04-01 08:40:58,RR,58,0.01,0.0,101.33,0,0.99,0.0,0.99,0,4548.41,0.01,PENDING
2026-04-01 08:40:59,RR,59,0.01,0.0,101.33,0,0.99,0.0,0.99,0,4548.41,0.01,PENDING
2026-04-01 08:41:01,RR,61,0.01,0.0,101.33,0,0.99,0.0,0.99,0,4548.41,0.01,PENDING
2026-04-01 08:41:02,RR,62,0.01,0.0,101.33,0,0.99,0.0,0.99,0,4548.41,0.01,PENDING
2026-04-01 08:41:04,RR,64,0.01,0.0,101.33,0,0.99,0.0,0.99,0,4548.41,0.01,PENDING
2026-04-01 08:41:06,RR,66,0.01,0.0,101.38,0,0.99,0.0,0.99,0,4548.41,0.01,PENDING
2026-04-01 08:41:07,RR,67,0.01,0.0,101.33,0,0.99,0.0,0.99,0,4548.41,0.01,PENDING
2026-04-01 08:41:09,RR,69,0.01,0.0,101.33,0,0.99,0.0,0.99,0,4548.41,0.01,PENDING
2026-04-01 08:41:10,RR,70,0.01,0.0,101.33,0,0.99,0.0,0.99,0,4548.41,0.01,PENDING
2026-04-01 08:41:12,RR,72,0.01,0.0,101.33,0,0.99,0.0,0.99,0,4548.41,0.01,PENDING
2026-04-01 08:41:13,RR,73,0.01,0.0,101.33,0,0.99,0.0,0.99,0,4548.41,0.01,PENDING
2026-04-01 08:41:15,RR,75,0.01,0.0,101.33,0,0.99,0.0,0.99,0,4548.41,0.01,PENDING
2026-04-01 08:41:17,RR,77,0.01,0.0,101.33,0,0.99,0.0,0.99,0,4548.41,0.01,PENDING
2026-04-01 08:41:18,RR,78,0.01,0.0,101.33,0,0.99,0.0,0.99,0,4548.41,0.01,PENDING
2026-04-01 08:41:20,RR,80,0.01,0.0,101.33,0,0.99,0.0,0.99,0,4548.41,0.01,PENDING
2026-04-01 08:41:21,RR,81,0.01,0.0,101.33,0,0.99,0.0,0.99,0,4548.41,0.01,PENDING
2026-04-01 08:41:23,RR,83,0.01,0.0,101.33,0,0.99,0.0,0.99,0,4548.41,0.01,PENDING
2026-04-01 08:41:25,RR,85,0.01,0.0,101.33,0,0.99,0.0,0.99,0,4548.41,0.01,PENDING
2026-04-01 08:41:26,RR,86,0.01,0.0,101.33,0,0.99,0.0,0.99,0,4548.41,0.01,PENDING
2026-04-01 08:41:28,RR,88,0.01,0.0,101.33,0,0.99,0.0,0.99,0,4548.41,0.01,PENDING
2026-04-01 08:41:29,RR,89,0.01,0.0,101.33,0,0.99,0.0,0.99,0,4548.41,0.01,PENDING
2026-04-01 08:41:31,RR,91,0.01,0.0,101.33,0,0.99,0.0,0.99,0,4548.41,0.01,PENDING
2026-04-01 08:41:32,RR,92,0.01,0.0,101.33,0,0.99,0.0,0.99,0,4548.41,0.01,PENDING
2026-04-01 08:41:34,RR,94,0.01,0.0,101.33,0,0.99,0.0,0.99,0,4548.41,0.01,PENDING
2026-04-01 08:41:36,RR,96,0.01,0.0,101.38,0,0.99,0.0,0.99,0,4548.41,0.01,PENDING
2026-04-01 08:41:37,RR,97,0.01,0.0,101.33,0,0.99,0.0,0.99,0,4548.41,0.01,PENDING
2026-04-01 08:41:39,RR,99,0.01,0.0,101.33,0,0.99,0.0,0.99,0,4548.41,0.01,PENDING
2026-04-01 08:41:40,RR,100,0.01,0.0,101.33,0,0.99,0.0,0.99,0,4548.41,0.01,PENDING
2026-04-01 08:41:42,RR,102,0.01,0.0,101.33,0,0.99,0.0,0.99,0,4548.41,0.01,PENDING
2026-04-01 08:41:43,RR,103,0.01,0.0,101.33,0,0.99,0.0,0.99,0,4548.41,0.01,PENDING
2026-04-01 08:41:45,RR,105,0.01,0.0,101.33,0,0.99,0.0,0.99,0,4548.41,0.01,PENDING
2026-04-01 08:41:47,RR,107,0.01,0.0,101.33,0,0.99,0.0,0.99,0,4548.41,0.01,PENDING
2026-04-01 08:41:48,RR,108,0.01,0.0,101.33,0,0.99,0.0,0.99,0,4548.41,0.01,PENDING
2026-04-01 08:41:50,RR,110,0.01,0.0,101.33,0,0.99,0.0,0.99,0,4548.41,0.01,PENDING
2026-04-01 08:41:51,RR,111,0.01,0.0,101.33,0,0.99,0.0,0.99,0,4548.41,0.01,PENDING
2026-04-01 08:41:53,RR,113,0.01,0.0,101.33,0,0.99,0.0,0.99,0,4548.41,0.01,PENDING
2026-04-01 08:41:54,RR,114,0.01,0.0,101.33,0,0.99,0.0,0.99,0,4548.41,0.01,PENDING
2026-04-01 08:41:56,RR,116,0.01,0.0,101.33,0,0.99,0.0,0.99,0,4548.41,0.01,PENDING
2026-04-01 08:41:58,RR,118,0.01,0.0,101.33,0,0.99,0.0,0.99,0,4548.41,0.01,PENDING
2026-04-01 08:41:59,RR,119,0.01,0.0,101.33,0,0.99,0.0,0.99,0,4548.41,0.01,PENDING
2026-04-01 08:42:01,RR,121,0.01,0.0,101.33,0,0.99,0.0,0.99,0,4548.41,0.01,PENDING
2026-04-01 08:42:02,RR,122,0.01,0.0,101.33,0,0.99,0.0,0.99,0,4548.41,0.01,PENDING
2026-04-01 08:42:04,RR,124,0.01,0.0,101.33,0,0.99,0.0,0.99,0,4548.41,0.01,PENDING
2026-04-01 08:42:06,RR,126,0.01,0.0,101.33,0,0.99,0.0,0.99,0,4548.41,0.01,PENDING
2026-04-01 08:42:07,RR,127,0.01,0.0,101.33,0,0.99,0.0,0.99,0,4548.41,0.01,PENDING
2026-04-01 08:42:09,RR,129,0.01,0.0,101.33,0,0.99,0.0,0.99,0,4548.41,0.01,PENDING
2026-04-01 08:42:10,RR,130,0.01,0.0,101.33,0,0.99,0.0,0.99,0,4548.41,0.01,PENDING
2026-04-01 08:42:12,RR,132,0.01,0.0,101.33,0,0.99,0.0,0.99,0,4548.41,0.01,PENDING
2026-04-01 08:42:13,RR,133,0.01,0.0,101.33,0,0.99,0.0,0.99,0,4548.41,0.01,PENDING
2026-04-01 08:42:15,RR,135,0.01,0.0,101.33,0,0.99,0.0,0.99,0,4548.41,0.01,PENDING
2026-04-01 08:42:17,RR,137,0.01,0.0,101.33,0,0.99,0.0,0.99,0,4548.41,0.01,PENDING
2026-04-01 08:42:18,RR,138,0.01,0.0,101.33,0,0.99,0.0,0.99,0,4548.41,0.01,PENDING
2026-04-01 08:42:20,RR,140,0.01,0.0,101.33,0,0.99,0.0,0.99,0,4548.41,0.01,PENDING
2026-04-01 08:42:21,RR,141,0.01,0.0,101.33,0,0.99,0.0,0.99,0,4548.41,0.01,PENDING
2026-04-01 08:42:23,RR,143,0.01,0.0,101.33,0,0.99,0.0,0.99,0,4548.41,0.01,PENDING
2026-04-01 08:42:24,RR,144,0.01,0.0,101.33,0,0.99,0.0,0.99,0,4548.41,0.01,PENDING
2026-04-01 08:42:26,RR,146,0.01,0.0,101.33,0,0.99,0.0,0.99,0,4548.41,0.01,PENDING
2026-04-01 08:42:28,RR,148,0.01,0.0,101.33,0,0.99,0.0,0.99,0,4548.41,0.01,PENDING
2026-04-01 08:42:29,RR,149,0.01,0.0,101.33,0,0.99,0.0,0.99,0,4548.41,0.01,PENDING
2026-04-01 08:42:31,RR,151,0.01,0.0,100.58,0,0.99,0.0,0.99,0,4524.16,0.01,PENDING
2026-04-01 08:42:32,RR,152,0.01,0.0,100.58,0,0.99,0.0,0.99,0,4524.16,0.01,PENDING
2026-04-01 08:42:34,RR,154,0.01,0.0,100.58,0,0.99,0.0,0.99,0,4524.16,0.01,PENDING
2026-04-01 08:42:35,RR,155,0.01,0.0,100.58,0,0.99,0.0,0.99,0,4524.16,0.01,PENDING
2026-04-01 08:42:37,RR,157,0.01,0.0,100.58,0,0.99,0.0,0.99,0,4524.16,0.01,PENDING
2026-04-01 08:42:39,RR,159,0.01,0.0,100.58,0,0.99,0.0,0.99,0,4524.16,0.01,PENDING
2026-04-01 08:42:40,RR,160,0.01,0.0,100.58,0,0.99,0.0,0.99,0,4524.16,0.01,PENDING
2026-04-01 08:42:42,RR,162,0.01,0.0,100.58,0,0.99,0.0,0.99,0,4524.16,0.01,PENDING
2026-04-01 08:42:43,RR,163,0.01,0.0,100.58,0,0.99,0.0,0.99,0,4524.16,0.01,PENDING
2026-04-01 08:42:45,RR,165,0.01,0.0,100.58,0,0.99,0.0,0.99,0,4524.16,0.01,PENDING
2026-04-01 08:42:47,RR,167,0.01,0.0,100.58,0,0.99,0.0,0.99,0,4524.16,0.01,PENDING
2026-04-01 08:42:48,RR,168,0.01,0.0,100.58,0,0.99,0.0,0.99,0,4524.16,0.01,PENDING
2026-04-01 08:42:50,RR,170,0.01,0.0,100.58,0,0.99,0.0,0.99,0,4524.16,0.01,PENDING
2026-04-01 08:42:51,RR,171,0.01,0.0,100.58,0,0.99,0.0,0.99,0,4524.16,0.01,PENDING
2026-04-01 08:42:53,RR,173,0.01,0.0,100.58,0,0.99,0.0,0.99,0,4524.16,0.01,PENDING
2026-04-01 08:42:54,RR,174,0.01,0.0,100.58,0,0.99,0.0,0.99,0,4524.16,0.01,PENDING
2026-04-01 08:42:56,RR,176,0.01,0.0,100.58,0,0.99,0.0,0.99,0,4524.16,0.01,PENDING
2026-04-01 08:42:58,RR,178,0.01,0.0,100.58,0,0.99,0.0,0.99,0,4524.16,0.01,PENDING
2026-04-01 08:42:59,RR,179,0.01,0.0,100.58,0,0.99,0.0,0.99,0,4524.16,0.01,PENDING
2026-04-01 08:43:01,RR,181,0.01,0.0,100.58,0,0.99,0.0,0.99,0,4524.16,0.01,PENDING
2026-04-01 08:43:02,RR,182,0.01,0.0,98.78,0,0.99,0.0,0.99,0,4485.96,0.01,PENDING
2026-04-01 08:43:04,RR,184,0.01,0.0,98.78,0,0.99,0.0,0.99,0,4485.96,0.01,PENDING
2026-04-01 08:43:06,RR,186,0.01,0.0,98.78,0,0.99,0.0,0.99,0,4485.96,0.01,PENDING
2026-04-01 08:43:07,RR,187,0.01,0.0,100.38,0,0.99,0.0,0.99,0,4532.69,0.01,PENDING
2026-04-01 08:43:09,RR,189,0.01,0.0,100.38,0,0.99,0.0,0.99,0,4532.69,0.01,PENDING
2026-04-01 08:43:10,RR,190,0.01,0.0,100.38,0,0.99,0.0,0.99,0,4532.69,0.01,PENDING
2026-04-01 08:43:12,RR,192,0.01,0.0,100.38,0,0.99,0.0,0.99,0,4532.69,0.01,PENDING
2026-04-01 08:43:13,RR,193,0.01,0.0,100.38,0,0.99,0.0,0.99,0,4532.69,0.01,PENDING
2026-04-01 08:43:15,RR,195,0.01,0.0,100.38,0,0.99,0.0,0.99,0,4532.69,0.01,PENDING
2026-04-01 08:43:17,RR,197,0.01,0.0,99.78,0,0.99,0.0,0.99,0,4518.29,0.01,PENDING
2026-04-01 08:43:18,RR,198,0.01,0.0,99.78,0,0.99,0.0,0.99,0,4518.29,0.01,PENDING
2026-04-01 08:43:20,RR,200,0.01,0.0,99.78,0,0.99,0.0,0.99,0,4518.29,0.01,PENDING
2026-04-01 08:43:21,RR,201,0.01,0.0,99.78,0,0.99,0.0,0.99,0,4518.29,0.01,PENDING
2026-04-01 08:43:23,RR,203,0.01,0.0,99.78,0,0.99,0.0,0.99,0,4518.29,0.01,PENDING
2026-04-01 08:43:25,RR,205,0.01,0.0,99.78,0,0.99,0.0,0.99,0,4518.29,0.01,PENDING
2026-04-01 08:43:26,RR,206,0.01,0.0,99.78,0,0.99,0.0,0.99,0,4518.29,0.01,PENDING
2026-04-01 08:43:28,RR,208,0.01,0.0,99.78,0,0.99,0.0,0.99,0,4518.29,0.01,PENDING
2026-04-01 08:43:29,RR,209,0.01,0.0,99.78,0,0.99,0.0,0.99,0,4518.29,0.01,PENDING
2026-04-01 08:43:31,RR,211,0.01,0.0,99.78,0,0.99,0.0,0.99,0,4518.29,0.01,PENDING
2026-04-01 08:43:32,RR,212,0.01,0.0,99.78,0,0.99,0.0,0.99,0,4518.29,0.01,PENDING
2026-04-01 08:43:34,RR,214,0.01,0.0,99.78,0,0.99,0.0,0.99,0,4518.29,0.01,PENDING
2026-04-01 08:43:36,RR,216,0.01,0.0,99.78,0,0.99,0.0,0.99,0,4518.29,0.01,PENDING
2026-04-01 08:43:37,RR,217,0.01,0.0,99.78,0,0.99,0.0,0.99,0,4518.29,0.01,PENDING
2026-04-01 08:43:39,RR,219,0.01,0.0,99.78,0,0.99,0.0,0.99,0,4518.29,0.01,PENDING
2026-04-01 08:43:40,RR,220,0.01,0.0,99.78,0,0.99,0.0,0.99,0,4518.29,0.01,PENDING
2026-04-01 08:43:42,RR,222,0.01,0.0,99.78,0,0.99,0.0,0.99,0,4518.29,0.01,PENDING
2026-04-01 08:43:43,RR,223,0.01,0.0,99.78,0,0.99,0.0,0.99,0,4518.29,0.01,PENDING
2026-04-01 08:43:45,RR,225,0.01,0.0,99.78,0,0.99,0.0,0.99,0,4518.29,0.01,PENDING
2026-04-01 08:43:47,RR,227,0.01,0.0,99.78,0,0.99,0.0,0.99,0,4518.29,0.01,PENDING
2026-04-01 08:43:48,RR,228,0.01,0.0,99.78,0,0.99,0.0,0.99,0,4518.29,0.01,PENDING
2026-04-01 08:43:50,RR,230,0.01,0.0,90.38,0,0.99,0.0,0.99,0,4292.69,0.01,PENDING
2026-04-01 08:43:52,RR,232,0.01,0.0,90.38,0,0.99,0.0,0.99,0,4292.69,0.01,PENDING
2026-04-01 08:43:53,RR,233,0.01,0.0,90.38,0,0.99,0.0,0.99,0,4292.69,0.01,PENDING
2026-04-01 08:43:55,RR,235,0.01,0.999,90.38,870.09,0.999,0.001,0.99,0.57,4292.69,0.01,PENDING
2026-04-01 08:43:56,RR,236,0.001,0.999,69.7,410.7,0.999,0.001,0.999,0.31,4144.67,0.001,PENDING
2026-04-01 08:43:58,RR,238,0.001,0.999,59.52,3068.02,0.999,0.001,0.999,2.97,7440.15,0.001,PENDING
2026-04-01 08:43:59,RR,239,0.001,0.999,59.52,2568.52,0.999,0.001,0.999,2.57,6950.15,0.001,PENDING
