timestamp_utc,timestamp_et,sequence_type,seconds_elapsed,yes_best_bid,yes_best_ask,yes_spread,yes_bid_liq,yes_ask_liq,no_best_bid,no_best_ask,no_spread,no_bid_liq,no_ask_liq,last_trade_price,last_trade_side,candle_outcome
2026-03-30 10:10:02,2026-03-30 06:10:02,GG,2,0.01,0.99,0.98,236.55,11387.64,0.01,0.99,0.98,185.95,13177.06,0.26,BUY,PENDING
2026-03-30 10:10:04,2026-03-30 06:10:04,GG,4,0.01,0.99,0.98,236.55,11382.69,0.01,0.99,0.98,185.95,13177.06,0.26,BUY,PENDING
2026-03-30 10:10:05,2026-03-30 06:10:05,GG,5,0.01,0.99,0.98,236.55,11387.64,0.01,0.99,0.98,186.0,13177.06,0.26,BUY,PENDING
2026-03-30 10:10:07,2026-03-30 06:10:07,GG,7,0.01,0.99,0.98,236.55,11382.69,0.01,0.99,0.98,185.95,13177.06,0.24,BUY,PENDING
2026-03-30 10:10:08,2026-03-30 06:10:08,GG,8,0.01,0.99,0.98,236.55,11382.69,0.01,0.99,0.98,185.95,13177.06,0.22,SELL,PENDING
2026-03-30 10:10:10,2026-03-30 06:10:10,GG,10,0.01,0.99,0.98,236.4,11382.69,0.01,0.99,0.98,185.95,13177.06,0.23,BUY,PENDING
2026-03-30 10:10:11,2026-03-30 06:10:11,GG,11,0.01,0.99,0.98,236.55,11387.64,0.01,0.99,0.98,185.95,13177.06,0.26,BUY,PENDING
2026-03-30 10:10:13,2026-03-30 06:10:13,GG,13,0.01,0.99,0.98,236.55,11382.69,0.01,0.99,0.98,185.95,13177.06,0.26,BUY,PENDING
2026-03-30 10:10:14,2026-03-30 06:10:14,GG,14,0.01,0.99,0.98,236.55,11382.69,0.01,0.99,0.98,185.95,13177.06,0.34,BUY,PENDING
2026-03-30 10:10:16,2026-03-30 06:10:16,GG,16,0.01,0.99,0.98,238.65,11477.69,0.01,0.99,0.98,190.95,13184.96,0.33,BUY,PENDING
2026-03-30 10:10:17,2026-03-30 06:10:17,GG,17,0.01,0.99,0.98,238.13,11477.69,0.01,0.99,0.98,190.95,13171.18,0.28,SELL,PENDING
2026-03-30 10:10:19,2026-03-30 06:10:19,GG,19,0.01,0.99,0.98,238.13,11477.69,0.01,0.99,0.98,190.95,13171.18,0.26,SELL,PENDING
2026-03-30 10:10:21,2026-03-30 06:10:21,GG,21,0.01,0.99,0.98,236.33,11382.69,0.01,0.99,0.98,185.95,13172.98,0.26,SELL,PENDING
2026-03-30 10:10:22,2026-03-30 06:10:22,GG,22,0.01,0.99,0.98,244.33,11382.69,0.01,0.99,0.98,185.95,13564.98,0.27,BUY,PENDING
2026-03-30 10:10:24,2026-03-30 06:10:24,GG,24,0.01,0.99,0.98,244.33,11382.69,0.01,0.99,0.98,185.95,13564.98,0.27,BUY,PENDING
2026-03-30 10:10:25,2026-03-30 06:10:25,GG,25,0.01,0.99,0.98,244.33,11382.69,0.01,0.99,0.98,186.05,13564.98,0.27,BUY,PENDING
2026-03-30 10:10:27,2026-03-30 06:10:27,GG,27,0.01,0.99,0.98,244.23,11382.69,0.01,0.99,0.98,185.95,13565.08,0.28,BUY,PENDING
2026-03-30 10:10:28,2026-03-30 06:10:28,GG,28,0.01,0.99,0.98,244.23,11382.69,0.01,0.99,0.98,185.95,13565.08,0.25,BUY,PENDING
2026-03-30 10:10:30,2026-03-30 06:10:30,GG,30,0.01,0.99,0.98,244.23,11676.69,0.01,0.99,0.98,191.95,13565.08,0.25,BUY,PENDING
2026-03-30 10:10:31,2026-03-30 06:10:31,GG,31,0.01,0.99,0.98,214.06,10182.66,0.01,0.99,0.98,161.98,12061.25,0.25,BUY,PENDING
2026-03-30 10:10:33,2026-03-30 06:10:33,GG,33,0.01,0.99,0.98,214.92,10182.66,0.01,0.99,0.98,161.98,12081.91,0.24,BUY,PENDING
2026-03-30 10:10:34,2026-03-30 06:10:34,GG,34,0.01,0.99,0.98,214.92,10182.66,0.01,0.99,0.98,162.03,12081.91,0.24,BUY,PENDING
2026-03-30 10:10:36,2026-03-30 06:10:36,GG,36,0.01,0.99,0.98,214.92,10182.66,0.01,0.99,0.98,161.98,12081.91,0.24,BUY,PENDING
2026-03-30 10:10:37,2026-03-30 06:10:37,GG,37,0.01,0.99,0.98,214.92,10182.66,0.01,0.99,0.98,161.98,12081.91,0.24,BUY,PENDING
2026-03-30 10:10:39,2026-03-30 06:10:39,GG,39,0.01,0.99,0.98,214.92,10182.66,0.01,0.99,0.98,161.98,12081.91,0.24,BUY,PENDING
2026-03-30 10:10:41,2026-03-30 06:10:41,GG,41,0.01,0.99,0.98,214.92,10182.66,0.01,0.99,0.98,161.98,12081.91,0.24,BUY,PENDING
2026-03-30 10:10:42,2026-03-30 06:10:42,GG,42,0.01,0.99,0.98,214.92,10182.66,0.01,0.99,0.98,161.98,12081.91,0.24,BUY,PENDING
2026-03-30 10:10:44,2026-03-30 06:10:44,GG,44,0.01,0.99,0.98,214.92,10182.66,0.01,0.99,0.98,161.98,12081.91,0.24,BUY,PENDING
2026-03-30 10:10:45,2026-03-30 06:10:45,GG,45,0.01,0.99,0.98,214.92,10182.66,0.01,0.99,0.98,161.98,12081.91,0.24,BUY,PENDING
2026-03-30 10:10:47,2026-03-30 06:10:47,GG,47,0.01,0.99,0.98,214.06,10182.66,0.01,0.99,0.98,161.98,12077.27,0.24,BUY,PENDING
2026-03-30 10:10:48,2026-03-30 06:10:48,GG,48,0.01,0.99,0.98,214.71,10182.66,0.01,0.99,0.98,161.98,12082.12,0.24,BUY,PENDING
2026-03-30 10:10:50,2026-03-30 06:10:50,GG,50,0.01,0.99,0.98,215.67,10182.66,0.01,0.99,0.98,161.98,12100.44,0.24,BUY,PENDING
2026-03-30 10:10:51,2026-03-30 06:10:51,GG,51,0.01,0.99,0.98,215.67,10182.66,0.01,0.99,0.98,161.98,12100.44,0.24,BUY,PENDING
2026-03-30 10:10:53,2026-03-30 06:10:53,GG,53,0.01,0.99,0.98,215.46,10182.66,0.01,0.99,0.98,161.98,12100.65,0.24,BUY,PENDING
2026-03-30 10:10:54,2026-03-30 06:10:54,GG,54,0.01,0.99,0.98,215.46,10182.66,0.01,0.99,0.98,161.98,12100.65,0.24,BUY,PENDING
2026-03-30 10:10:56,2026-03-30 06:10:56,GG,56,0.01,0.99,0.98,215.46,10182.66,0.01,0.99,0.98,161.98,12100.65,0.23,BUY,PENDING
2026-03-30 10:10:57,2026-03-30 06:10:57,GG,57,0.01,0.99,0.98,215.46,10182.66,0.01,0.99,0.98,161.98,12100.65,0.24,BUY,PENDING
2026-03-30 10:10:59,2026-03-30 06:10:59,GG,59,0.01,0.99,0.98,215.46,10182.66,0.01,0.99,0.98,161.98,12100.65,0.23,BUY,PENDING
2026-03-30 10:11:00,2026-03-30 06:11:00,GG,60,0.01,0.99,0.98,210.46,10182.66,0.01,0.99,0.98,161.98,12005.65,0.23,BUY,PENDING
2026-03-30 10:11:02,2026-03-30 06:11:02,GG,62,0.01,0.99,0.98,210.46,10182.66,0.01,0.99,0.98,161.98,12005.65,0.23,BUY,PENDING
2026-03-30 10:11:04,2026-03-30 06:11:04,GG,64,0.01,0.99,0.98,210.46,10182.66,0.01,0.99,0.98,161.98,12005.65,0.23,BUY,PENDING
2026-03-30 10:11:05,2026-03-30 06:11:05,GG,65,0.01,0.99,0.98,210.03,10182.66,0.01,0.99,0.98,161.98,11984.56,0.22,BUY,PENDING
2026-03-30 10:11:07,2026-03-30 06:11:07,GG,67,0.01,0.99,0.98,210.03,10182.66,0.01,0.99,0.98,161.98,11984.56,0.22,BUY,PENDING
2026-03-30 10:11:08,2026-03-30 06:11:08,GG,68,0.01,0.99,0.98,210.03,10182.66,0.01,0.99,0.98,161.98,11984.56,0.22,BUY,PENDING
2026-03-30 10:11:10,2026-03-30 06:11:10,GG,70,0.01,0.99,0.98,210.03,10182.66,0.01,0.99,0.98,161.98,11984.56,0.23,BUY,PENDING
2026-03-30 10:11:11,2026-03-30 06:11:11,GG,71,0.01,0.99,0.98,210.03,10182.66,0.01,0.99,0.98,161.98,11984.56,0.22,BUY,PENDING
2026-03-30 10:11:13,2026-03-30 06:11:13,GG,73,0.01,0.99,0.98,210.03,10182.66,0.01,0.99,0.98,161.98,11984.56,0.22,BUY,PENDING
2026-03-30 10:11:14,2026-03-30 06:11:14,GG,74,0.01,0.99,0.98,203.03,10182.66,0.01,0.99,0.98,161.98,11594.56,0.21,SELL,PENDING
2026-03-30 10:11:16,2026-03-30 06:11:16,GG,76,0.01,0.99,0.98,200.03,10187.61,0.01,0.99,0.98,161.98,11594.56,0.21,SELL,PENDING
2026-03-30 10:11:17,2026-03-30 06:11:17,GG,77,0.01,0.99,0.98,200.88,10182.66,0.01,0.99,0.98,162.03,11594.56,0.19,SELL,PENDING
2026-03-30 10:11:19,2026-03-30 06:11:19,GG,79,0.01,0.99,0.98,151.08,10172.94,0.01,0.99,0.98,161.88,6743.56,0.17,SELL,PENDING
2026-03-30 10:11:20,2026-03-30 06:11:20,GG,80,0.01,0.99,0.98,153.98,10172.94,0.01,0.99,0.98,161.88,6716.61,0.16,SELL,PENDING
2026-03-30 10:11:22,2026-03-30 06:11:22,GG,82,0.01,0.99,0.98,153.78,10172.94,0.01,0.99,0.98,161.88,6735.81,0.15,SELL,PENDING
2026-03-30 10:11:23,2026-03-30 06:11:23,GG,83,0.01,0.99,0.98,155.03,10172.94,0.01,0.99,0.98,161.93,6756.81,0.16,BUY,PENDING
2026-03-30 10:11:25,2026-03-30 06:11:25,GG,85,0.01,0.99,0.98,154.78,10172.94,0.01,0.99,0.98,161.88,6756.81,0.15,BUY,PENDING
2026-03-30 10:11:26,2026-03-30 06:11:26,GG,86,0.01,0.99,0.98,153.38,10177.89,0.01,0.99,0.98,161.88,6776.21,0.13,SELL,PENDING
2026-03-30 10:11:28,2026-03-30 06:11:28,GG,88,0.01,0.99,0.98,153.38,10172.94,0.01,0.99,0.98,161.88,6776.21,0.13,BUY,PENDING
2026-03-30 10:11:30,2026-03-30 06:11:30,GG,90,0.01,0.99,0.98,153.63,10172.94,0.01,0.99,0.98,161.88,6780.96,0.12,SELL,PENDING
2026-03-30 10:11:31,2026-03-30 06:11:31,GG,91,0.01,0.99,0.98,161.78,10172.94,0.01,0.99,0.98,161.88,6818.24,0.14,BUY,PENDING
2026-03-30 10:11:33,2026-03-30 06:11:33,GG,93,0.01,0.99,0.98,154.83,10172.94,0.01,0.99,0.98,161.88,6818.09,0.12,SELL,PENDING
2026-03-30 10:11:34,2026-03-30 06:11:34,GG,94,0.01,0.99,0.98,158.77,10172.94,0.01,0.99,0.98,161.88,7123.65,0.11,SELL,PENDING
2026-03-30 10:11:36,2026-03-30 06:11:36,GG,96,0.01,0.99,0.98,160.05,10177.89,0.01,0.99,0.98,161.88,7139.87,0.11,BUY,PENDING
2026-03-30 10:11:37,2026-03-30 06:11:37,GG,97,0.01,0.99,0.98,168.76,10172.94,0.01,0.99,0.98,161.88,7326.21,0.11,BUY,PENDING
2026-03-30 10:11:39,2026-03-30 06:11:39,GG,99,0.01,0.99,0.98,159.23,10172.94,0.01,0.99,0.98,161.88,7091.69,0.12,BUY,PENDING
2026-03-30 10:11:40,2026-03-30 06:11:40,GG,100,0.01,0.99,0.98,169.72,10172.94,0.01,0.99,0.98,161.93,7440.24,0.1,BUY,PENDING
2026-03-30 10:11:42,2026-03-30 06:11:42,GG,102,0.01,0.99,0.98,161.64,10172.94,0.01,0.99,0.98,161.88,7230.54,0.09,BUY,PENDING
2026-03-30 10:11:43,2026-03-30 06:11:43,GG,103,0.01,0.99,0.98,162.02,10157.16,0.01,0.99,0.98,161.26,7233.76,0.09,BUY,PENDING
2026-03-30 10:11:45,2026-03-30 06:11:45,GG,105,0.01,0.99,0.98,180.02,10162.11,0.01,0.99,0.98,161.26,7620.71,0.09,BUY,PENDING
2026-03-30 10:11:46,2026-03-30 06:11:46,GG,106,0.01,0.99,0.98,180.02,10157.16,0.01,0.99,0.98,161.26,7615.76,0.09,BUY,PENDING
2026-03-30 10:11:48,2026-03-30 06:11:48,GG,108,0.01,0.99,0.98,196.71,10157.16,0.01,0.99,0.98,161.26,8029.27,0.08,BUY,PENDING
2026-03-30 10:11:49,2026-03-30 06:11:49,GG,109,0.01,0.99,0.98,209.98,10157.16,0.01,0.99,0.98,161.26,8510.47,0.08,BUY,PENDING
2026-03-30 10:11:51,2026-03-30 06:11:51,GG,111,0.01,0.99,0.98,221.05,10157.16,0.01,0.99,0.98,161.26,8913.26,0.08,BUY,PENDING
2026-03-30 10:11:52,2026-03-30 06:11:52,GG,112,0.01,0.99,0.98,232.27,10157.16,0.01,0.99,0.98,161.26,9285.24,0.08,BUY,PENDING
2026-03-30 10:11:54,2026-03-30 06:11:54,GG,114,0.01,0.99,0.98,205.35,10157.16,0.01,0.99,0.98,161.26,9168.13,0.1,BUY,PENDING
2026-03-30 10:11:55,2026-03-30 06:11:55,GG,115,0.01,0.99,0.98,199.93,10157.16,0.01,0.99,0.98,161.26,9067.72,0.07,BUY,PENDING
2026-03-30 10:11:57,2026-03-30 06:11:57,GG,117,0.01,0.99,0.98,192.95,10157.16,0.01,0.99,0.98,161.26,9047.52,0.07,BUY,PENDING
2026-03-30 10:11:58,2026-03-30 06:11:58,GG,118,0.01,0.99,0.98,208.99,10162.11,0.01,0.99,0.98,161.26,9327.45,0.07,BUY,PENDING
2026-03-30 10:12:00,2026-03-30 06:12:00,GG,120,0.01,0.99,0.98,193.67,10128.36,0.01,0.99,0.98,160.06,8960.5,0.06,SELL,PENDING
2026-03-30 10:12:01,2026-03-30 06:12:01,GG,121,0.01,0.99,0.98,262.82,10128.36,0.01,0.99,0.98,160.06,10364.41,0.06,SELL,PENDING
2026-03-30 10:12:03,2026-03-30 06:12:03,GG,123,0.01,0.99,0.98,216.74,10128.36,0.01,0.99,0.98,160.06,9520.51,0.06,SELL,PENDING
2026-03-30 10:12:04,2026-03-30 06:12:04,GG,124,0.01,0.99,0.98,216.34,10128.36,0.01,0.99,0.98,160.06,9520.51,0.07,BUY,PENDING
2026-03-30 10:12:06,2026-03-30 06:12:06,GG,126,0.01,0.99,0.98,216.74,10128.36,0.01,0.99,0.98,160.06,9520.51,0.07,BUY,PENDING
2026-03-30 10:12:08,2026-03-30 06:12:08,GG,128,0.01,0.99,0.98,255.04,10128.36,0.01,0.99,0.98,160.06,10283.17,0.07,BUY,PENDING
2026-03-30 10:12:09,2026-03-30 06:12:09,GG,129,0.01,0.99,0.98,255.83,10133.31,0.01,0.99,0.98,160.06,10297.42,0.07,BUY,PENDING
2026-03-30 10:12:11,2026-03-30 06:12:11,GG,131,0.01,0.99,0.98,234.56,10128.36,0.01,0.99,0.98,160.06,9868.79,0.06,BUY,PENDING
2026-03-30 10:12:12,2026-03-30 06:12:12,GG,132,0.01,0.99,0.98,182.96,10128.36,0.01,0.99,0.98,160.06,9793.29,0.06,BUY,PENDING
2026-03-30 10:12:14,2026-03-30 06:12:14,GG,134,0.01,0.99,0.98,190.39,10128.36,0.01,0.99,0.98,160.06,9377.35,0.06,BUY,PENDING
2026-03-30 10:12:15,2026-03-30 06:12:15,GG,135,0.01,0.99,0.98,186.34,10128.36,0.01,0.99,0.98,160.06,9006.75,0.06,BUY,PENDING
2026-03-30 10:12:17,2026-03-30 06:12:17,GG,137,0.01,0.99,0.98,177.28,10113.96,0.01,0.99,0.98,159.09,8988.8,0.05,BUY,PENDING
2026-03-30 10:12:18,2026-03-30 06:12:18,GG,138,0.01,0.99,0.98,179.12,10073.15,0.01,0.99,0.98,157.89,9139.21,0.05,BUY,PENDING
2026-03-30 10:12:20,2026-03-30 06:12:20,GG,140,0.01,0.99,0.98,157.08,10073.0,0.01,0.99,0.98,158.04,8642.64,0.05,BUY,PENDING
2026-03-30 10:12:21,2026-03-30 06:12:21,GG,141,0.01,0.99,0.98,156.62,10073.0,0.01,0.99,0.98,158.04,8539.1,0.05,BUY,PENDING
2026-03-30 10:12:23,2026-03-30 06:12:23,GG,143,0.01,0.99,0.98,148.22,10073.0,0.01,0.99,0.98,158.04,8533.5,0.05,BUY,PENDING
2026-03-30 10:12:24,2026-03-30 06:12:24,GG,144,0.01,0.99,0.98,148.15,10073.0,0.01,0.99,0.98,158.04,8533.92,0.05,BUY,PENDING
2026-03-30 10:12:26,2026-03-30 06:12:26,GG,146,0.01,0.99,0.98,147.7,10073.0,0.01,0.99,0.98,158.04,8522.97,0.05,BUY,PENDING
2026-03-30 10:12:27,2026-03-30 06:12:27,GG,147,0.01,0.99,0.98,135.83,10058.75,0.01,0.99,0.98,157.29,8472.14,0.05,BUY,PENDING
2026-03-30 10:12:29,2026-03-30 06:12:29,GG,149,0.01,0.99,0.98,118.81,10058.75,0.01,0.99,0.98,151.29,7795.57,0.05,BUY,PENDING
2026-03-30 10:12:30,2026-03-30 06:12:30,GG,150,0.01,0.99,0.98,124.31,9850.2,0.01,0.99,0.98,150.79,7975.03,0.05,BUY,PENDING
2026-03-30 10:12:32,2026-03-30 06:12:32,GG,152,0.01,0.99,0.98,109.14,9859.5,0.01,0.99,0.98,151.54,7707.02,0.04,BUY,PENDING
2026-03-30 10:12:33,2026-03-30 06:12:33,GG,153,0.01,0.99,0.98,114.33,9859.5,0.01,0.99,0.98,151.59,7868.53,0.04,BUY,PENDING
2026-03-30 10:12:35,2026-03-30 06:12:35,GG,155,0.01,0.99,0.98,107.97,9859.5,0.01,0.99,0.98,151.54,7656.56,0.04,BUY,PENDING
2026-03-30 10:12:36,2026-03-30 06:12:36,GG,156,0.01,0.99,0.98,95.66,9859.5,0.01,0.99,0.98,151.54,7194.62,0.04,BUY,PENDING
2026-03-30 10:12:38,2026-03-30 06:12:38,GG,158,0.01,0.99,0.98,95.76,9859.5,0.01,0.99,0.98,151.54,7197.1,0.04,BUY,PENDING
2026-03-30 10:12:39,2026-03-30 06:12:39,GG,159,0.01,0.99,0.98,101.0,9845.25,0.01,0.99,0.98,150.84,7498.77,0.04,BUY,PENDING
2026-03-30 10:12:41,2026-03-30 06:12:41,GG,161,0.01,0.99,0.98,89.22,9840.3,0.01,0.99,0.98,144.74,7044.04,0.02,SELL,PENDING
2026-03-30 10:12:43,2026-03-30 06:12:43,GG,163,0.01,0.99,0.98,84.92,9546.3,0.01,0.99,0.98,144.74,6660.24,0.02,SELL,PENDING
2026-03-30 10:12:44,2026-03-30 06:12:44,GG,164,0.01,0.99,0.98,78.69,9551.25,0.01,0.99,0.98,144.74,6555.67,0.02,SELL,PENDING
2026-03-30 10:12:46,2026-03-30 06:12:46,GG,166,0.01,0.99,0.98,77.62,9546.3,0.01,0.99,0.98,144.74,6522.85,0.02,SELL,PENDING
2026-03-30 10:12:47,2026-03-30 06:12:47,GG,167,0.01,0.99,0.98,65.84,9546.3,0.01,0.99,0.98,144.79,5459.55,0.02,SELL,PENDING
2026-03-30 10:12:49,2026-03-30 06:12:49,GG,169,0.01,0.99,0.98,49.22,9546.3,0.01,0.99,0.98,144.74,4388.23,0.02,SELL,PENDING
2026-03-30 10:12:50,2026-03-30 06:12:50,GG,170,0.01,0.99,0.98,51.94,9546.3,0.01,0.99,0.98,144.74,4456.25,0.02,SELL,PENDING
2026-03-30 10:12:52,2026-03-30 06:12:52,GG,172,0.0,0.99,0,0,9545.3,0.01,0.0,0,145.74,0,0.01,SELL,PENDING
2026-03-30 10:12:53,2026-03-30 06:12:53,GG,173,0.0,0.99,0,0,9545.3,0.01,0.0,0,145.74,0,0.01,SELL,PENDING
2026-03-30 10:12:55,2026-03-30 06:12:55,GG,175,0.0,0.99,0,0,9550.25,0.01,0.0,0,145.74,0,0.01,BUY,PENDING
2026-03-30 10:12:56,2026-03-30 06:12:56,GG,176,0.0,0.99,0,0,9545.3,0.01,0.0,0,145.74,0,0.01,BUY,PENDING
2026-03-30 10:12:58,2026-03-30 06:12:58,GG,178,0.0,0.99,0,0,9545.3,0.01,0.0,0,145.74,0,0.01,BUY,PENDING
2026-03-30 10:12:59,2026-03-30 06:12:59,GG,179,0.0,0.99,0,0,9545.3,0.01,0.0,0,145.74,0,0.01,BUY,PENDING
2026-03-30 10:13:01,2026-03-30 06:13:01,GG,181,0.0,0.99,0,0,9545.3,0.01,0.0,0,145.74,0,0.01,BUY,PENDING
2026-03-30 10:13:02,2026-03-30 06:13:02,GG,182,0.0,0.99,0,0,9507.1,0.01,0.0,0,143.94,0,0.01,BUY,PENDING
2026-03-30 10:13:04,2026-03-30 06:13:04,GG,184,0.0,0.99,0,0,9507.1,0.01,0.0,0,143.94,0,0.01,BUY,PENDING
2026-03-30 10:13:05,2026-03-30 06:13:05,GG,185,0.0,0.99,0,0,9507.1,0.01,0.0,0,143.94,0,0.01,BUY,PENDING
2026-03-30 10:13:07,2026-03-30 06:13:07,GG,187,0.0,0.99,0,0,9507.1,0.01,0.0,0,143.94,0,0.01,BUY,PENDING
2026-03-30 10:13:08,2026-03-30 06:13:08,GG,188,0.0,0.99,0,0,9512.05,0.01,0.0,0,143.94,0,0.01,BUY,PENDING
2026-03-30 10:13:10,2026-03-30 06:13:10,GG,190,0.0,0.99,0,0,9507.1,0.01,0.0,0,143.94,0,0.01,BUY,PENDING
2026-03-30 10:13:11,2026-03-30 06:13:11,GG,191,0.0,0.99,0,0,9507.1,0.01,0.0,0,143.94,0,0.01,BUY,PENDING
2026-03-30 10:13:13,2026-03-30 06:13:13,GG,193,0.0,0.99,0,0,9507.1,0.01,0.0,0,143.94,0,0.01,BUY,PENDING
2026-03-30 10:13:14,2026-03-30 06:13:14,GG,194,0.0,0.99,0,0,9507.1,0.01,0.0,0,143.94,0,0.01,BUY,PENDING
2026-03-30 10:13:16,2026-03-30 06:13:16,GG,196,0.0,0.99,0,0,9507.1,0.01,0.0,0,143.94,0,0.01,BUY,PENDING
2026-03-30 10:13:17,2026-03-30 06:13:17,GG,197,0.0,0.99,0,0,9507.1,0.01,0.0,0,143.94,0,0.01,BUY,PENDING
2026-03-30 10:13:19,2026-03-30 06:13:19,GG,199,0.0,0.99,0,0,9507.1,0.01,0.0,0,143.94,0,0.01,BUY,PENDING
2026-03-30 10:13:20,2026-03-30 06:13:20,GG,200,0.0,0.99,0,0,9507.1,0.01,0.0,0,143.94,0,0.01,BUY,PENDING
2026-03-30 10:13:22,2026-03-30 06:13:22,GG,202,0.0,0.99,0,0,9507.1,0.01,0.0,0,143.99,0,0.01,BUY,PENDING
2026-03-30 10:13:24,2026-03-30 06:13:24,GG,204,0.0,0.99,0,0,9507.1,0.01,0.0,0,143.94,0,0.01,BUY,PENDING
2026-03-30 10:13:25,2026-03-30 06:13:25,GG,205,0.0,0.99,0,0,9512.05,0.01,0.0,0,143.94,0,0.01,BUY,PENDING
2026-03-30 10:13:27,2026-03-30 06:13:27,GG,207,0.0,0.99,0,0,9507.1,0.01,0.0,0,143.94,0,0.01,BUY,PENDING
2026-03-30 10:13:28,2026-03-30 06:13:28,GG,208,0.0,0.99,0,0,9507.1,0.01,0.0,0,143.94,0,0.01,BUY,PENDING
2026-03-30 10:13:30,2026-03-30 06:13:30,GG,210,0.0,0.99,0,0,9507.1,0.01,0.0,0,143.94,0,0.01,BUY,PENDING
2026-03-30 10:13:31,2026-03-30 06:13:31,GG,211,0.0,0.99,0,0,9507.1,0.01,0.0,0,143.94,0,0.01,BUY,PENDING
2026-03-30 10:13:33,2026-03-30 06:13:33,GG,213,0.0,0.99,0,0,9507.1,0.01,0.0,0,143.94,0,0.01,BUY,PENDING
2026-03-30 10:13:34,2026-03-30 06:13:34,GG,214,0.0,0.99,0,0,9507.1,0.01,0.0,0,143.94,0,0.01,BUY,PENDING
2026-03-30 10:13:36,2026-03-30 06:13:36,GG,216,0.0,0.99,0,0,9507.1,0.01,0.0,0,143.94,0,0.01,BUY,PENDING
2026-03-30 10:13:37,2026-03-30 06:13:37,GG,217,0.0,0.99,0,0,9507.1,0.01,0.0,0,143.94,0,0.01,BUY,PENDING
2026-03-30 10:13:39,2026-03-30 06:13:39,GG,219,0.0,0.99,0,0,9507.1,0.01,0.0,0,143.94,0,0.01,BUY,PENDING
2026-03-30 10:13:40,2026-03-30 06:13:40,GG,220,0.0,0.99,0,0,9507.1,0.01,0.0,0,143.94,0,0.01,BUY,PENDING
2026-03-30 10:13:42,2026-03-30 06:13:42,GG,222,0.0,0.99,0,0,9507.1,0.01,0.0,0,143.94,0,0.01,BUY,PENDING
2026-03-30 10:13:43,2026-03-30 06:13:43,GG,223,0.0,0.99,0,0,9507.1,0.01,0.0,0,143.94,0,0.01,BUY,PENDING
2026-03-30 10:13:45,2026-03-30 06:13:45,GG,225,0.0,0.99,0,0,9507.1,0.01,0.0,0,143.94,0,0.01,BUY,PENDING
2026-03-30 10:13:46,2026-03-30 06:13:46,GG,226,0.0,0.99,0,0,9507.1,0.01,0.0,0,143.94,0,0.01,BUY,PENDING
2026-03-30 10:13:48,2026-03-30 06:13:48,GG,228,0.0,0.99,0,0,9512.05,0.01,0.0,0,143.94,0,0.01,BUY,PENDING
2026-03-30 10:13:49,2026-03-30 06:13:49,GG,229,0.0,0.99,0,0,9507.1,0.01,0.0,0,143.94,0,0.01,BUY,PENDING
2026-03-30 10:13:51,2026-03-30 06:13:51,GG,231,0.0,0.99,0,0,9281.5,0.01,0.0,0,134.54,0,0.01,BUY,PENDING
2026-03-30 10:13:52,2026-03-30 06:13:52,GG,232,0.0,0.99,0,0,9281.5,0.01,0.0,0,134.59,0,0.01,BUY,PENDING
2026-03-30 10:13:54,2026-03-30 06:13:54,GG,234,0.0,0.99,0,0,9281.5,0.01,0.0,0,134.54,0,0.01,BUY,PENDING
2026-03-30 10:13:56,2026-03-30 06:13:56,GG,236,0.0,0.99,0,0,9281.5,0.01,0.0,0,134.59,0,0.01,BUY,PENDING
2026-03-30 10:13:57,2026-03-30 06:13:57,GG,237,0.0,0.99,0,0,9281.5,0.01,0.0,0,134.54,0,0.01,BUY,PENDING
2026-03-30 10:13:59,2026-03-30 06:13:59,GG,239,0.0,0.99,0,0,9281.5,0.01,0.0,0,134.54,0,0.01,BUY,PENDING
2026-03-30 10:14:00,2026-03-30 06:14:00,GG,240,0.0,0.99,0,0,9039.0,0.01,0.0,0,127.04,0,0.01,BUY,PENDING
